2070 2839
540 115 583 149 M
687 114 717 149 E
819 112 853 150 L
953 115 970 150 1
1071 117 1093 151 S
1195 120 1215 155 S

189 224 239 268 N
242 240 291 268 ec
318 219 536 269 vifitando
562 222 705 289 pulsat
728 223 806 270 has
830 228 873 271 &
898 223 977 272 has
1002 225 1134 285 fores,

259 308 323 351 Ut
349 316 498 369 portet
522 306 840 369 importunum
874 325 968 365 ave,

186 391 338 436 Meam
358 390 615 453 inquietans
638 393 681 436 Sc
706 402 833 437 tuam
871 391 1081 438 viciniam

255 472 444 538 Ineptiis
478 477 520 520 δε
550 474 659 520 otio.

183 555 225 600 Si
252 554 369 600 forte
394 553 628 617 speetatrix
653 553 836 602 theatris
876 558 1072 617 interest,

251 638 327 698 (Et
354 635 529 682 interest
555 634 789 698 rariffima)

181 716 424 765 Illiberales
451 716 590 763 nescit
616 716 865 775 infacetias,

244 801 304 844 Et
327 815 418 844 non
444 797 719 843 verecundos
744 798 851 845 sales

175 883 349 930 Audire
372 881 546 946 patiens
569 901 582 939 ;
623 883 772 930 omnis
804 885 1099 933 immodestia:

245 966 403 1012 Perosa
427 965 790 1030 turpitudinem3

173 1046 426 1110 Sensfisque
452 1045 580 1092 dubii
605 1050 647 1093 &
673 1046 867 1094 involuti
900 1047 1168 1114 ambagibus

243 1131 428 1192 Impura
453 1127 633 1173 nauseat
656 1126 823 1175 abdita.

169 1212 218 1255 N
221 1228 271 1256 ec
303 1209 506 1256 initiatur
530 1209 733 1273 mysticis
755 1210 1077 1275 congreffibUS‚

238 1291 487 1356 Noffisque
513 1292 810 1350 caeremoniis,

167 1373 254 1421 Vel
279 1374 471 1420 induens
509 1373 692 1429 larvam,
722 1372 792 1419 vel
814 1373 1051 1422 obnubens
1078 1388 1231 1441 caput,

235 1454 458 1501 Lasciviat
482 1466 533 1499 ut
557 1451 810 1501 audentior.

163 1541 281 1595 Nec,
308 1536 550 1584 invenustis
575 1547 628 1581 ut
655 1534 818 1582 fritillis
844 1535 1061 1601 increpet,

232 1623 292 1666 Et
316 1620 419 1665 aleis
442 1617 689 1682 impalleat‚

161 1700 393 1747 Tenebras
418 1698 475 1745 ad
499 1698 639 1762 usque
671 1696 772 1743 solis
797 1710 952 1743 ortum
976 1693 1155 1757 vigiliis,
1214 1721 1221 1728 -

228 1790 495 1849 Lucemque
514 1785 591 1831 dat
615 1781 845 1847 soporibus
862 1801 877 1840 3

158 1868 328 1916 Dulces
353 1867 441 1913 diei
466 1870 509 1913 Sc
533 1864 677 1912 noetis
702 1866 932 1911 invertens
956 1864 1086 1918 vices,

225 1949 449 2014 Ratasque
473 1947 595 2013 leges
620 1958 892 2011 temporum.

154 2034 436 2100 Properantis
461 2031 540 2079 aevi
564 2030 786 2079 circulum
811 2028 1018 2097 nympha
1052 2026 1230 2094 expleat

221 2120 319 2164 Has
342 2117 459 2163 inter
483 2114 739 2181 elegantias,

879 2227 925 2272 T

1445 2226 1627 2273 Praeter-
