2070 2839
861 234 992 281 VIII.

171 315 251 374 Di,
279 333 391 380 quos
410 317 653 381 imperium
673 333 808 380 penes
833 315 912 375 est,
939 336 1180 386 rerumque
1202 328 1411 389 potestas,

241 401 415 462 Regna,
444 398 609 463 quibus
636 398 778 445 visum
800 400 878 457 est,
906 400 1029 460 dent,
1056 404 1351 475 adimantqqe
1372 414 1493 462 data.-

170 484 441 549 Impofitum
463 484 599 548 capiti
625 483 790 530 solvam
817 502 909 532 non
936 487 1112 536 invidus
1136 492 1291 553 assem,

238 575 341 618 Una
366 570 470 617 licet
494 569 657 615 tubulo
682 586 774 615 nox
798 568 1056 636 cyathoque
1082 590 1215 624 caret.

166 656 318 715 AEquo
337 650 545 697 animum
569 649 760 713 imperio
785 653 872 696 ἃς.

826 735 914 781 ΙΧ.

162 822 339 868 Solvam
360 838 461 884 ego,
485 836 568 866 nec
592 817 808 883 querulus
832 818 987 866 contr&
1008 823 1226 883 muffabo,
1256 829 1423 877 tributa

232 908 274 954 Si
300 906 483 972 poscant
502 904 672 951 menses
696 903 1089 971 hebdomadesque
1113 929 1260 969 nova;

159 994 255 1039 Cur
280 987 450 1035 etenim
481 984 739 1032 obmuffans
767 985 926 1032 duram
961 991 1218 1038 vocitavero
1246 993 1410 1059 legem,

228 1070 349 1118 Cim]
376 1068 507 1116 fundi
534 1066 703 1114 solvant
738 1065 803 1112 nil
837 1069 927 1114 mei
959 1071 1007 1116 in
1037 1074 1240 1137 Utopizffi?

157 1161 309 1220 AEquo
333 1153 540 1201 animum
563 1150 754 1216 irnperio
778 1154 864 1199 &a

825 1236 888 1282 X.

151 1321 265 1367 Non
291 1327 396 1382 peto
422 1314 597 1361 divitias
619 1332 633 1370 3
685 1331 769 1361 nec
793 1314 874 1362 fim
902 1329 995 1364 tam
1021 1317 1195 1366 sordide
1216 1337 1404 1385 egenus,

222 1399 419 1448 Nauseet
443 1411 495 1445 ut
519 1397 640 1444 dives
667 1401 779 1444 te&a
804 1399 948 1447 subire
974 1419 1102 1448 mea:

150 1487 277 1550 Qin
297 1500 479 1531 mecum
503 1480 699 1529 historiis
725 1484 780 1530 ad
823 1484 1001 1548 largum
1025 1483 1218 1532 circulus
1238 1484 1392 1550 ignem

218 1570 440 1634 Decipere
459 1568 670 1633 hybernae
706 1569 836 1616 taedia
861 1569 1002 1617 noe‘tis
1027 1583 1164 1618 amet.

146 1661 300 1721 AEquo
325 1657 532 1702 animum
557 1657 749 1719 imperio
768 1659 854 1702 &c.

350 1869 577 1910 pauperemque
592 1868 674 1900 dives

270 1930 295 1947 ‘⁴
318 1926 374 1957 Me
391 1927 500 1966 petit.'’
848 1925 926 1958 Hor.

448 1986 555 2017 Anilet

183 2050 206 2068 “
227 2046 277 2078 Ex
292 2057 323 2078 re
336 2046 493 2078 fabellas.’'
797 2043 893 2076 Idem.

831 2283 872 2329 L
913 2297 938 2329 2
1419 2285 1602 2331 Renum

1616 154 1661 189 75
