2070 2839
575 134 608 168 V
709 133 743 170 O
846 132 880 168 Τ
980 134 1018 170 U
1117 138 1176 175 M,

835 246 923 293 XI.

143 323 328 389 Regum
353 332 406 369 ut
430 321 634 370 laudator
658 320 784 380 fiam,
808 323 1016 388 vitiisque
1041 321 1254 382 minister,

210 413 455 476 Ingenium
479 411 621 459 nolim
653 412 920 476 prostituiffe
946 429 1134 469 meum3

139 500 257 554 Nec,
282 500 403 544 canis
431 510 482 544 ut
507 497 700 545 caudam
735 498 1001 546 submittam
1027 501 1069 545 δε
1099 497 1300 544 blandiar
1324 498 1471 558 instar,

206 588 445 644 Perbreve‚
474 588 599 652 quod
625 590 761 635 morti
788 588 1016 647 subtraho,
1043 600 1223 655 tempus
1250 606 1396 655 agam.

137 675 290 738 AEquo
315 675 521 722 animum
547 676 739 740 imperio
764 679 853 723 &c.

785 765 895 809 XII.

135 842 210 888 Ad
238 854 380 889 tantas
405 861 487 890 nec
505 844 654 909 surgat
679 864 804 910 opes,
829 865 966 910 quem
984 847 1141 912 diligo,
1167 847 1422 912 quisquam,

203 926 388 974 Nesciat
414 941 465 974 ut
490 942 638 984 notos,
659 944 978 995 praetereatque
1003 932 1184 989 viden83

132 1015 252 1060 Tam
280 1014 409 1078 supra
433 1013 487 1060 fit
511 1033 647 1061 nemo
663 1014 787 1075 sitm,
813 1029 908 1064 tam
927 1036 1064 1064 nemo
1082 1017 1136 1064 fit
1159 1019 1291 1076 infra,

200 1105 265 1147 Ut
290 1100 405 1148 mihi
429 1101 501 1148 vel
525 1102 657 1160 livor,
678 1103 746 1150 vel
772 1103 852 1151 fiet
879 1106 984 1152 inde
1016 1105 1160 1153 dolor.

133 1190 284 1250 AEquo
301 1187 510 1235 animum
534 1188 726 1252 imperio
745 1193 830 1236 δίε.

794 1277 929 1323 ΧΙΙΙ.

128 1362 276 1408 Detur
298 1364 340 1407 ὃς
366 1358 453 1406 oh!
494 1357 543 1423 (fi
566 1359 700 1424 posco
723 1362 851 1424 quod
874 1378 1057 1425 aequum
1080 1363 1144 1408 est
1159 1361 1352 1426 poscere)
1376 1361 1504 1434 Vfidae,

197 1449 297 1493 Nec
324 1457 476 1491 tamen
499 1443 711 1509 ingentis,
740 1444 889 1491 cultus
919 1446 1127 1492 amicitiae
1143 1465 1157 1503 3

128 1531 294 1578 Cultus
328 1527 553 1584 amicitiae,
574 1547 715 1593 quam
742 1542 948 1595 tempora
971 1530 1098 1578 nulla
1122 1531 1353 1591 valebunt,

199 1617 355 1676 Qam
374 1613 509 1660 nullae
527 1632 678 1661 rerum
703 1613 944 1662 diffolu'iffe
968 1617 1102 1663 vices.

127 1705 281 1764 AEquo
304 1699 512 1745 animum
542 1700 734 1762 imperio
758 1703 844 1746 &c-

300 1899 324 1915 “
349 1894 458 1926 Laudo
483 1901 678 1930 manentem;
703 1892 723 1923 sl
740 1894 850 1924 celeres
864 1894 963 1934 quatit

302 1959 327 1975 “
353 1955 482 1992 Pennas,
501 1954 617 1996 resigno
632 1965 702 1995 quae
718 1954 813 1991 dedit,
830 1955 857 1985 ἂ
874 1956 940 1985 mezi

342 2018 366 2034 “
392 2015 518 2045 Virtute
534 2025 581 2044 me
597 2013 721 2045 involvo

439 2069 522 2100 Hinc
533 2072 650 2109 apicem
673 2080 765 2109 rapax

302 2139 326 2154 “
351 2135 488 2166 Fortuna
503 2144 575 2164 cum
591 2132 712 2163 stridore
728 2139 819 2164 acuto

344 2197 368 2212 “
393 2192 537 2231 Sustinet,
553 2191 605 2222 hic
621 2190 743 2232 posuisse
759 2190 902 2233 gaudet.’'
1077 2189 1152 2222 Hor.

1362 2302 1491 2349 XIV.
1522 2303 1599 2352 Sin

1581 153 1627 190 77
