2070 2839
763 147 956 183 ITER
1008 144 1152 179 PER
1203 137 1581 177 TAMISIN.

441 165 500 193 17:

434 261 552 308 Cum
581 261 705 324 nigra
730 257 981 322 tempestas,
1007 259 1049 302 ὅτ,
1073 254 1166 300 dira
1190 251 1301 299 mari
1327 250 1532 296 incubuit
1556 267 1665 296 nox.

434 346 579 405 Qcm
610 323 766 387 Martis
801 354 1008 385 terrorem
1040 340 1082 381 δε
1106 351 1203 397 quae
1231 331 1483 378 discrimina
1519 329 1653 386 belli3

432 431 553 490 Quis
581 427 761 490 pmii-ns
786 422 1015 486 quondam
1043 436 1229 484 pugnas,
1264 435 1362 481 quae
1395 415 1565 462 ⁷viderat
1601 414 1756 462 armai

431 507 512 552 Sed
542 521 636 552 turn
671 503 902 567 proscipue,
940 500 1152 557 recolens,
1182 497 1285 544 cum
1310 495 1486 561 Belgica
1510 495 1650 542 claffis

427 586 654 649 Puppibus
680 581 840 645 effugit
865 581 1036 628 laceris:
1080 583 1234 644 Qam
1259 579 1431 625 fortiter
1465 576 1606 641 Angli

425 667 688 730 Pugnabant
722 662 925 720 animosi,
952 668 993 710 δε
1019 662 1137 709 certe
1162 661 1349 716 fortiter,
1376 661 1541 723 inquit,

424 749 464 792 Si
492 749 689 794 Britones
722 763 923 809 unquam
948 746 1098 802 fortes,
1130 743 1429 809 pugnavimus
1463 741 1624 805 Angli.

421 830 530 874 Haec
553 841 748 891 repetens
775 826 927 892 patriae
951 827 1159 892 dulcique
1191 826 1390 873 incensus
1417 843 1567 872 amore

420 907 556 965 Arsit,
587 913 628 955 δε
653 910 834 972 agnovit
860 922 1022 955 veteres
1046 908 1090 954 in
1118 912 1293 973 pe&ore
1316 905 1536 953 flammas.

418 996 591 1038 Interea
615 992 790 1038 exhalat
825 991 1051 1039 sinuosum
1087 992 1133 1038 in
1163 991 1318 1039 nubila
1342 992 1543 1047 fumum,

418 1080 477 1122 Et
502 1095 620 1122 cante
643 1076 883 1122 ascendunt
908 1077 1040 1122 verba
1070 1078 1184 1123 inter
1213 1075 1385 1139 singula
1407 1077 1577 1124 nubes:

416 1160 485 1205 Sic
513 1160 671 1206 tubulo
697 1159 825 1215 fallit,
853 1158 967 1205 fallit
992 1159 1191 1205 sermone
1216 1160 1431 1206 laborem.

415 1241 626 1306 Prospicit
652 1241 772 1297 hinc,
799 1241 1040 1306 oculosque
1072 1259 1205 1306 vagos
1231 1242 1315 1288 fert
1341 1242 1494 1288 omnia
1518 1241 1703 1303 circum,

415 1323 648 1366 Errantem
685 1319 715 1365 fi
751 1321 864 1366 forte
899 1319 1097 1383 aliquem
1129 1337 1267 1384 prope
1296 1320 1444 1367 littora
1476 1321 1601 1380 vidit,

412 1401 678 1448 Exclamans
699 1420 712 1458 3
764 1401 835 1447 sed
861 1401 969 1465 saepe
1000 1401 1158 1447 sonum
1179 1402 1263 1448 fert
1289 1416 1446 1449 ventus
1470 1402 1667 1452 inanem.

410 1487 537 1532 Dum
563 1483 703 1531 flexus
729 1485 900 1532 crebros
927 1487 1050 1531 curvi
1077 1485 1377 1550 superavimus
1415 1486 1575 1544 amnis,

410 1566 618 1613 Chelseiae
632 1581 844 1632 apparent
866 1567 1024 1632 apices,
1050 1581 1314 1634 poteratque
1338 1569 1474 1616 videri

409 1653 573 1717 Regale
598 1653 888 1718 Hospitium:
930 1655 1140 1702 Veterani
1166 1655 1237 1702 hic
1271 1658 1362 1703 otia
1385 1670 1510 1722 grata

407 1739 623 1784 Exercent
642 1738 741 1796 tuti,
772 1744 814 1785 Sc
842 1738 988 1785 secura
1010 1741 1057 1785 in
1081 1758 1189 1804 pace
1210 1740 1451 1788 senescunt.

407 1823 516 1867 Mox
540 1821 614 1867 ubi
647 1822 763 1867 nuda
788 1822 917 1885 pedes
936 1826 977 1869 Sc
1002 1840 1093 1869 non
1118 1825 1365 1889 improvida
1391 1824 1523 1871 turba

406 1903 660 1967 Dispersum
685 1904 728 1950 in
755 1905 908 1951 mediis
933 1905 1170 1953 carbonem
1206 1907 1377 1972 colligit
1403 1910 1554 1967 undis,

406 1987 647 2049 Coeperunt
673 1985 832 2034 fluetus
858 1988 1081 2035 salientem
1108 1990 1310 2037 attollere
1331 2009 1541 2055 proram3

404 2064 653 2130 Naufragio
677 2065 854 2114 infamis
880 2069 1001 2116 locus
1028 2070 1099 2116 hic
1122 2071 1335 2137 undaque
1359 2071 1550 2119 furente.

401 2145 656 2193 Arboreum
682 2149 862 2196 tandem
891 2150 1044 2197 lucum
1068 2151 1322 2219 sylvamque
1346 2154 1554 2202 videmus

401 2227 647 2276 Ordinibus
670 2229 886 2277 celebrem
909 2233 1051 2291 variis,
1079 2235 1157 2282 ubi
1182 2235 1356 2285 denfior
1376 2237 1465 2286 ilex

1665 2306 1862 2355 Occursu
