2070 2839
323 85 708 121 FLORAE
810 84 1417 126 PRIMITIAE.
1576 102 1638 138 ¹¹3

157 213 264 258 Nec
290 206 422 273 rigidi
443 221 666 256 conterret
688 227 792 255 eum
817 209 1107 257 inclementia
1131 212 1248 270 coeli,

230 294 412 358 Frigida
436 311 518 340 nec
545 296 694 340 Boreae
719 296 797 351 vis,
825 293 1088 358 hyemisque
1110 297 1272 353 minae3

161 381 264 424 Axe
288 380 433 424 statim
461 377 596 435 verso,
624 378 734 442 quin
761 380 966 442 protinus
992 380 1083 425 exit
1109 381 1152 427 in
1181 399 1321 438 auras,

232 463 357 508 Veris
381 474 431 508 ut
456 461 658 509 instantis
687 464 852 509 nuncia
878 463 975 511 laeta
994 463 1119 512 ferat.

158 604 331 651 Nativo
355 602 559 668 quamvis
593 605 720 652 cultu
743 607 1027 671 candoreque
1053 606 1259 673 fimplex,

231 686 481 735 Pulchrum
511 687 588 734 ill&
606 688 782 735 inducit
807 688 1093 755 simplicitate
1117 690 1326 748 chorum,

158 770 262 815 Nec
287 770 479 816 totidem
498 788 677 818 veneres
702 773 831 827 inter,
860 786 1159 838 quotcunque
1178 773 1440 837 sequuntur,

228 852 282 895 Se
306 852 507 914 primum
532 851 711 898 dubitat
737 852 1028 917 promeruisse
1064 853 1235 900 locum.

161 987 399 1050 Qicquid
432 988 555 1033 enim
579 998 782 1034 tenerum
808 988 986 1052 spirant,
1011 988 1080 1034 vel
1111 988 1304 1035 amabile
1331 986 1532 1043 miscent,

229 1069 363 1127 Lilia,
392 1069 462 1116 vel
486 1069 626 1127 violae,
652 1087 981 1134 purpureaeque
1013 1072 1130 1128 rosae,

160 1151 347 1216 Qique
372 1151 469 1198 aliis
495 1151 569 1199 alii
596 1151 842 1199 succedunt
866 1150 1072 1209 floribus,
1100 1170 1237 1199 omne

226 1235 297 1279 Ex
321 1249 415 1279 uno
431 1232 667 1297 excipiunt
703 1230 916 1297 simplice
930 1230 1041 1279 flore
1060 1232 1210 1279 decus.

158 1419 1087 1468 wagssgosegwffigww
1098 1418 1391 1466 “⁶0
1622 1444 1640 1455 ο

158 1468 1566 1519 eeziwfflssffewfflweesseww
1610 1468 1629 1487 Γ

296 1641 1494 1688 AMORINERMIS.

316 1784 334 1801 'r
352 1772 456 1817 UA
481 1782 655 1834 myrtus
694 1767 829 1814 ramis
854 1766 1045 1814 viridem
1070 1768 1306 1814 contexuit
1331 1767 1540 1815 umbram

305 1867 336 1904 Ὅ
401 1851 607 1910 Diffufis‚
632 1851 779 1918 jacuit
822 1851 1089 1917 semisupina
1109 1851 1269 1900 Chloe.

316 1928 326 1937 ’
383 1944 495 1988 Huc
518 1941 655 1987 tacito
680 1939 857 1986 acceffit
882 1938 1070 1985 tendens
1095 1940 1275 2004 vestigia
1298 1937 1460 2003 gressu,

224 2027 286 2070 Et
310 2021 469 2070 furtim
486 2022 534 2069 in
565 2021 695 2069 molli
719 2025 896 2087 pectore
920 2021 1031 2068 sedit
1055 2039 1196 2068 amor.

158 2100 376 2167 Expanfis
402 2120 624 2149 mammas
654 2100 731 2148 alis
756 2101 967 2166 protexit,
993 2104 1036 2146 ὃς
1063 2099 1184 2146 intus

228 2185 458 2233 Intrusum
487 2185 690 2233 occuluit
714 2182 923 2249 parvulus
950 2199 1047 2229 erro
1077 2194 1228 2248 caput.

904 2309 976 2366 Q
1566 2301 1629 2345 Ur
