2070 2839
477 107 679 144 ITER
730 106 879 144 PER
930 107 1316 150 TAMISIN.

174 216 268 264 Hic
299 219 437 266 nostri
461 219 690 285 accipiunt
714 221 876 287 Reges,
904 232 1171 287 ponuntque
1194 242 1425 275 coronam.

172 301 370 366 Jamque
393 300 556 348 domus
589 301 720 349 celeri
745 316 875 351 motu
915 303 1139 351 discedere
1162 306 1259 354 visae

171 384 508 450 Lambethique
532 385 661 443 aedes,
689 385 871 451 pallatia
890 388 1072 450 praesule
1098 388 1267 454 digna:

168 467 231 510 Et
255 484 414 514 canam
445 467 726 514 abscondunt
750 467 908 516 urbem
941 469 1173 518 subeuntia
1203 483 1344 535 prata.

168 549 395 599 Paulatim
421 552 604 617 fugiunt
628 563 784 606 turres,
804 551 1057 619 summique
1086 556 1296 603 videntur

169 630 380 679 Diminui
405 633 682 698 templorum
710 633 887 699 apices;
927 648 1082 683 manet
1107 637 1240 685 unica
1265 637 1391 684 Pauli

168 715 227 760 Et
264 715 397 781 longe
424 715 615 782 effulget
640 717 820 782 reliquis
845 718 1118 783 conspectior
1153 721 1278 768 aedes.

168 795 293 842 Hinc
317 798 451 844 tardae
476 800 646 863 patiens
675 817 832 863 operae,
860 817 942 846 nec
977 801 1108 847 taedia
1132 802 1350 850 damnans

169 878 365 927 Piscator
389 880 503 927 solus
529 881 702 927 summa
726 881 961 930 consistere
983 883 1081 948 ripa

167 962 394 1020 Cernitur,
422 965 620 1010 intentus
656 965 802 1022 studio
826 964 859 1011 fi
895 964 1109 1028 prendere
1129 966 1263 1031 poffit

168 1046 455 1104 Pisciculum,
482 1047 550 1094 vel
581 1048 698 1094 forte
731 1065 891 1112 vagam
927 1047 958 1094 sl
983 1047 1135 1095 fallere
1161 1051 1353 1113 praedam
1374 1072 1387 1099 ε

164 1132 265 1175 Nec
290 1129 462 1193 lepidos
488 1130 595 1177 risus
621 1142 698 1176 aut
724 1129 931 1194 improba
956 1130 1202 1178 scommata
1230 1147 1371 1191 curat,

95 1241 100 1245 -
163 1216 248 1262 Sed
276 1215 434 1262 salibus
460 1214 711 1280 respondet,
739 1218 782 1261 ὅτ,
817 1214 906 1279 ipse
926 1214 1172 1279 aliquando
1187 1216 1382 1281 jocosus.

165 1301 443 1357 Occurrunt,
475 1298 607 1363 seque
632 1299 802 1346 alterno
827 1299 1023 1345 clamore
1058 1298 1251 1347 salutant

162 1387 325 1431 Nautae
335 1404 349 1442 3
390 1402 474 1431 nec
507 1401 602 1430 raro
638 1385 786 1430 noster
810 1383 1036 1429 mordacia
1063 1401 1232 1440 remex,

160 1476 206 1520 Si
231 1473 346 1521 forte
371 1472 576 1520 offendat
609 1489 889 1537 quenquam,
917 1470 1118 1517 convicia
1150 1470 1330 1537 spargit,

162 1556 365 1604 Infensus
392 1556 562 1621 semper
586 1555 751 1602 miseris
777 1554 1014 1602 sartoribus
1038 1552 1176 1601 hostis
1198 1574 1210 1600 ε

163 1640 293 1685 Dum
318 1639 479 1684 coeant
506 1637 552 1683 in
576 1634 689 1683 fiaae
713 1653 870 1682 omnes
905 1635 1152 1682 certamina
1185 1636 1306 1692 rixae,

161 1720 484 1783 Obscoenaeque
511 1718 667 1765 sonent
702 1716 817 1773 lites,
848 1717 1059 1781 pravique
1096 1716 1322 1773 cachinni,

159 1803 401 1851 Foemineae
429 1800 660 1865 vocesque,
686 1803 729 1846 δε
762 1811 875 1845 natae
900 1800 947 1845 in
974 1797 1125 1864 jurgia
1159 1798 1340 1863 linguae.

162 1885 364 1932 Plurima
385 1897 483 1930 tum
509 1881 638 1928 nobis
666 1882 790 1943 (nam
813 1893 942 1927 norat
970 1879 1184 1944 plurima)
1210 1890 1355 1925 narrat

157 1968 340 2024 Navita,
367 1966 608 2030 praeteritos
633 1964 831 2028 gaudens
851 1979 1097 2009 memorare
1121 1961 1290 2008 labores
1313 1981 1323 2006 :

159 2049 284 2110 Qot
310 2045 427 2091 mala
452 2044 690 2109 pertulerat
708 2043 900 2109 juveniS,
927 2061 1065 2106 quam
1092 2043 1200 2106 saepe
1240 2041 1424 2088 inimico

157 2128 409 2192 Naufragio
432 2129 651 2192 periturus
679 2141 800 2183 erat,
840 2144 940 2190 quae
967 2124 1101 2171 tristia
1131 2137 1232 2170 vota

157 2216 405 2272 Exanimis,
438 2233 548 2278 quas
574 2214 682 2279 saepe
708 2232 857 2280 preces
883 2213 1082 2260 emiserat
1114 2211 1240 2269 olim,

881 2299 921 2341 Z
965 2313 986 2343 2

1595 129 1659 167 171

1504 2288 1629 2337 Cum
