2070 2839
525 108 566 143 M
667 108 698 144 E
797 108 832 144 L
933 109 949 145 Ι
1045 113 1069 147 S
1173 115 1195 149 S

173 222 484 266 Praetermeare
509 237 608 284 quae
633 220 790 284 fugam
812 221 914 268 vitae
936 219 1057 281 finit,

242 305 517 367 Brevemque
543 302 765 351 summam
791 303 995 369 negligit.

171 385 297 446 Qios
324 382 384 429 ire
409 387 452 429 &c
476 384 656 429 interire
680 383 953 448 permittunt
977 384 1068 433 dies

239 467 502 531 IndiligenS‚
528 468 782 532 incogitans

167 550 349 615 Vulgus
373 549 645 615 puellarum,
678 550 849 599 Melissa
873 565 1111 619 computat

236 635 272 678 F
275 633 452 679 eliciore
482 632 671 680 calculo.

168 716 296 761 Tuas
323 715 369 762 in
395 716 508 762 aedes
534 717 727 782 nuptiali
760 735 868 766 cum
892 720 1003 776 face,
1075 719 1079 722 ⁴

235 801 295 844 Et
319 817 427 845 cum
458 799 640 847 Melissa
672 801 881 866 conjuge,

166 884 337 926 Intrare
360 880 584 945 pronubas
611 881 778 928 videbis
811 884 992 948 gratias,

233 966 511 1027 Sacrumque
536 963 758 1010 virtutum
781 966 989 1012 chorum.

162 1047 264 1093 Sine
289 1059 381 1093 arte
406 1058 607 1109 compta,
634 1049 676 1091 &
700 1045 878 1110 elegans
906 1045 998 1093 fine
1031 1048 1179 1106 taedio,

233 1128 397 1174 Aderit
421 1125 621 1173 venustas
641 1145 653 1182 ;
695 1131 738 1173 ὅτ,
762 1127 876 1173 salus

163 1209 254 1252 Suo
280 1206 437 1252 rubore
462 1205 612 1261 rosea3
650 1208 692 1250 &
718 1205 979 1253 innocentia

232 1291 437 1338 Cadente
461 1289 615 1355 purior
646 1289 751 1336 nive
766 1309 781 1347 ;

163 1377 324 1422 Aderit
348 1393 490 1432 amor,
539 1373 662 1431 risuS‚
706 1373 930 1438 voluptas,
965 1374 1202 1438 gaudium,

230 1463 288 1506 Et
318 1459 472 1506 litium
496 1459 635 1522 fugax
665 1459 806 1523 quies.

162 1545 323 1593 Aderit
347 1543 508 1591 labella
537 1546 837 1609 comprimens
863 1546 1160 1603 taciturnitas,

232 1634 292 1676 Et
317 1629 494 1676 foederis
520 1629 691 1676 servans
716 1628 829 1676 fides
851 1649 866 1686 3

163 1719 224 1765 Et
247 1714 396 1761 omnis
421 1713 604 1760 eventus
630 1731 805 1760 memor
842 1712 1098 1777 prudentia,

231 1793 454 1857 Divesque
486 1810 636 1839 rerum
669 1791 912 1839 industria:

162 1880 365 1929 Accedet
388 1878 457 1924 his
484 1877 722 1924 virtutibus
747 1877 821 1942 pia
845 1876 1091 1934 humilitas,

229 1964 490 2025 Nunquam
516 1962 758 2007 immemor
802 1958 889 2006 Dei
912 1971 989 2005 aut
1028 1957 1109 2006 sui.

164 2046 341 2108 Regina
367 2042 614 2107 gratiarum
649 2041 792 2088 aderit
829 2040 1100 2098 huinanita8‚

232 2128 428 2174 Perferre
466 2125 606 2173 facilis
639 2130 682 2172 &
724 2125 834 2191 pati,

162 2215 378 2258 Humana
403 2208 436 2255 fi
461 2223 618 2256 natura
636 2209 748 2274 quid
773 2207 1027 2273 deliquerit,

231 2297 332 2340 Aut
358 2293 521 2339 caverit
546 2291 694 2355 fiquid
719 2311 911 2357 parurn:

860 2362 965 2408 T2

1296 117 1344 153 A.

1592 129 1657 164 ¹39

1447 2359 1639 2410 Calumss
