<?xml version="1.0" encoding="UTF-8"?>
<!DOCTYPE html PUBLIC "-//W3C//DTD XHTML 1.0 Transitional//EN"
    "http://www.w3.org/TR/xhtml1/DTD/xhtml1-transitional.dtd">
<html xmlns="http://www.w3.org/1999/xhtml" xml:lang="en" lang="en">
 <head>
  <title>
</title>
<meta http-equiv="Content-Type" content="text/html;charset=utf-8" />
  <meta name='ocr-system' content='tesseract 3.04.00' />
  <meta name='ocr-capabilities' content='ocr_page ocr_carea ocr_par ocr_line ocrx_word'/>
</head>
<body>
  <div class='ocr_page' id='page_1' title='image "./miscellaneouspoe00bour_0279.png"; bbox 0 0 2070 2839; ppageno 0'>
   <div class='ocr_carea' id='block_1_1' title="bbox 0 392 9 1156">
    <p class='ocr_par' dir='ltr' id='par_1_1' title="bbox 0 392 9 1156">
     <span class='ocr_line' id='line_1_1' title="bbox 0 392 9 1156; baseline 0 0"><span class='ocrx_word' id='word_1_1' title='bbox 0 392 9 1156; x_wconf 95' lang='lat' dir='ltr'><strong> </strong></span> 
     </span>
    </p>
   </div>
   <div class='ocr_carea' id='block_1_2' title="bbox 304 559 1602 612">
    <p class='ocr_par' dir='ltr' id='par_1_2' title="bbox 304 559 1602 612">
     <span class='ocr_line' id='line_1_2' title="bbox 304 559 1602 612; baseline 0.007 -9"><span class='ocrx_word' id='word_1_2' title='bbox 304 559 515 604; x_wconf 91' lang='lat' dir='ltr'>PONS</span> <span class='ocrx_word' id='word_1_3' title='bbox 588 561 1602 612; x_wconf 84' lang='lat' dir='ltr'>WESTMONASTERIENSIS.</span> 
     </span>
    </p>
   </div>
   <div class='ocr_carea' id='block_1_3' title="bbox 203 710 1440 954">
    <p class='ocr_par' dir='ltr' id='par_1_3' title="bbox 203 710 1440 954">
     <span class='ocr_line' id='line_1_3' title="bbox 208 710 1440 780; baseline 0.003 -19"><span class='ocrx_word' id='word_1_4' title='bbox 208 710 382 779; x_wconf 46' lang='grc' dir='ltr'><strong>ξμῆξ</strong></span> <span class='ocrx_word' id='word_1_5' title='bbox 398 714 621 772; x_wconf 90' lang='lat' dir='ltr'><strong>AMISI,</strong></span> <span class='ocrx_word' id='word_1_6' title='bbox 660 715 828 779; x_wconf 81' lang='lat' dir='ltr'>regales</span> <span class='ocrx_word' id='word_1_7' title='bbox 854 714 934 779; x_wconf 87' lang='lat' dir='ltr'><strong>qui</strong></span> <span class='ocrx_word' id='word_1_8' title='bbox 959 715 1277 780; x_wconf 86' lang='lat' dir='ltr'><strong>praeterlaberis</strong></span> <span class='ocrx_word' id='word_1_9' title='bbox 1303 735 1440 776; x_wconf 87' lang='lat' dir='ltr'><strong>arces,</strong></span> 
     </span>
     <span class='ocr_line' id='line_1_4' title="bbox 212 779 317 837; baseline 0.012 0"><span class='ocrx_word' id='word_1_10' title='bbox 212 784 234 837; x_wconf 49' lang='grc' dir='ltr'>ξ</span> <span class='ocrx_word' id='word_1_11' title='bbox 284 779 317 809; x_wconf 70' lang='lat'><strong>&#39;¹&#39;</strong></span> 
     </span>
     <span class='ocr_line' id='line_1_5' title="bbox 203 888 1316 954; baseline 0.004 -19"><span class='ocrx_word' id='word_1_12' title='bbox 203 889 391 952; x_wconf 82' lang='lat' dir='ltr'><strong>Qanto</strong></span> <span class='ocrx_word' id='word_1_13' title='bbox 416 906 522 934; x_wconf 90' lang='lat' dir='ltr'><strong>cum</strong></span> <span class='ocrx_word' id='word_1_14' title='bbox 548 888 656 935; x_wconf 82' lang='lat' dir='ltr'><strong>saxis</strong></span> <span class='ocrx_word' id='word_1_15' title='bbox 677 888 930 936; x_wconf 83' lang='lat' dir='ltr'><strong>coalescunt</strong></span> <span class='ocrx_word' id='word_1_16' title='bbox 966 889 1165 954; x_wconf 86' lang='lat' dir='ltr'><strong>pondere</strong></span> <span class='ocrx_word' id='word_1_17' title='bbox 1191 890 1316 939; x_wconf 82' lang='lat' dir='ltr'><strong>saxa!</strong></span> 
     </span>
    </p>
   </div>
   <div class='ocr_carea' id='block_1_4' title="bbox 423 797 1512 870">
    <p class='ocr_par' dir='ltr' id='par_1_4' title="bbox 423 797 1512 870">
     <span class='ocr_line' id='line_1_6' title="bbox 423 797 1512 870; baseline 0.006 -24"><span class='ocrx_word' id='word_1_18' title='bbox 423 797 578 864; x_wconf 47' lang='lat' dir='ltr'><strong>Quini</strong></span> <span class='ocrx_word' id='word_1_19' title='bbox 603 800 644 847; x_wconf 91' lang='lat' dir='ltr'><strong>se</strong></span> <span class='ocrx_word' id='word_1_20' title='bbox 669 799 983 866; x_wconf 82' lang='lat' dir='ltr'><strong>magnificum,</strong></span> <span class='ocrx_word' id='word_1_21' title='bbox 1017 802 1199 867; x_wconf 88' lang='lat' dir='ltr'><strong>suspice,</strong></span> <span class='ocrx_word' id='word_1_22' title='bbox 1225 803 1344 850; x_wconf 81' lang='lat' dir='ltr'><strong>tollit</strong></span> <span class='ocrx_word' id='word_1_23' title='bbox 1369 804 1512 870; x_wconf 78' lang='lat' dir='ltr'><strong>opus!</strong></span> 
     </span>
    </p>
   </div>
   <div class='ocr_carea' id='block_1_5' title="bbox 175 971 1520 2199">
    <p class='ocr_par' dir='ltr' id='par_1_5' title="bbox 271 971 1358 1034">
     <span class='ocr_line' id='line_1_7' title="bbox 271 971 1358 1034; baseline 0.005 -17"><span class='ocrx_word' id='word_1_24' title='bbox 271 974 380 1034; x_wconf 75' lang='lat' dir='ltr'><strong>Quo</strong></span> <span class='ocrx_word' id='word_1_25' title='bbox 404 989 525 1019; x_wconf 82' lang='lat' dir='ltr'><strong>nexu</strong></span> <span class='ocrx_word' id='word_1_26' title='bbox 550 971 817 1020; x_wconf 79' lang='lat' dir='ltr'><strong>incumbens</strong></span> <span class='ocrx_word' id='word_1_27' title='bbox 843 973 1022 1019; x_wconf 86' lang='lat' dir='ltr'><strong>sustinet</strong></span> <span class='ocrx_word' id='word_1_28' title='bbox 1059 991 1187 1021; x_wconf 85' lang='lat' dir='ltr'><strong>arcus</strong></span> <span class='ocrx_word' id='word_1_29' title='bbox 1212 975 1358 1022; x_wconf 78' lang='lat' dir='ltr'><strong>onus!</strong></span> 
     </span>
    </p>

    <p class='ocr_par' dir='ltr' id='par_1_6' title="bbox 197 1056 1302 1206">
     <span class='ocr_line' id='line_1_8' title="bbox 197 1056 1302 1124; baseline 0.003 -20"><span class='ocrx_word' id='word_1_30' title='bbox 197 1058 357 1104; x_wconf 76' lang='lat' dir='ltr'><strong>Ardua</strong></span> <span class='ocrx_word' id='word_1_31' title='bbox 383 1056 523 1123; x_wconf 53' lang='lat' dir='ltr'><strong>que‘un</strong></span> <span class='ocrx_word' id='word_1_32' title='bbox 536 1058 657 1123; x_wconf 91' lang='lat' dir='ltr'><strong>justo</strong></span> <span class='ocrx_word' id='word_1_33' title='bbox 680 1059 848 1124; x_wconf 83' lang='lat' dir='ltr'><strong>pendet</strong></span> <span class='ocrx_word' id='word_1_34' title='bbox 873 1058 1108 1106; x_wconf 83' lang='lat' dir='ltr'><strong>libramine</strong></span> <span class='ocrx_word' id='word_1_35' title='bbox 1131 1060 1302 1108; x_wconf 87' lang='lat' dir='ltr'><strong>moles!</strong></span> 
     </span>
     <span class='ocr_line' id='line_1_9' title="bbox 266 1140 1249 1206; baseline 0.001 -19"><span class='ocrx_word' id='word_1_36' title='bbox 266 1140 370 1203; x_wconf 55' lang='lat' dir='ltr'><strong>Q&amp;</strong></span> <span class='ocrx_word' id='word_1_37' title='bbox 392 1155 541 1205; x_wconf 82' lang='lat' dir='ltr'><strong>partes</strong></span> <span class='ocrx_word' id='word_1_38' title='bbox 566 1140 737 1188; x_wconf 81' lang='lat' dir='ltr'><strong>haerent</strong></span> <span class='ocrx_word' id='word_1_39' title='bbox 759 1141 960 1206; x_wconf 88' lang='lat' dir='ltr'><strong>partibus</strong></span> <span class='ocrx_word' id='word_1_40' title='bbox 986 1140 1249 1189; x_wconf 54' lang='lat' dir='ltr'><strong>harmoniam</strong></span> 
     </span>
    </p>

    <p class='ocr_par' dir='ltr' id='par_1_7' title="bbox 196 1223 1520 1373">
     <span class='ocr_line' id='line_1_10' title="bbox 196 1223 1520 1286; baseline 0.005 -17"><span class='ocrx_word' id='word_1_41' title='bbox 196 1225 340 1286; x_wconf 77' lang='lat' dir='ltr'><strong>Qms,</strong></span> <span class='ocrx_word' id='word_1_42' title='bbox 367 1242 514 1282; x_wconf 88' lang='lat' dir='ltr'><strong>cerne,</strong></span> <span class='ocrx_word' id='word_1_43' title='bbox 541 1223 597 1271; x_wconf 89' lang='lat' dir='ltr'><strong>ad</strong></span> <span class='ocrx_word' id='word_1_44' title='bbox 630 1241 863 1282; x_wconf 87' lang='lat' dir='ltr'><strong>numeros,</strong></span> <span class='ocrx_word' id='word_1_45' title='bbox 890 1224 947 1271; x_wconf 86' lang='lat' dir='ltr'><strong>ab</strong></span> <span class='ocrx_word' id='word_1_46' title='bbox 974 1224 1144 1272; x_wconf 85' lang='lat' dir='ltr'><strong>utrovis</strong></span> <span class='ocrx_word' id='word_1_47' title='bbox 1169 1224 1335 1285; x_wconf 84' lang='lat' dir='ltr'><strong>littore,</strong></span> <span class='ocrx_word' id='word_1_48' title='bbox 1361 1224 1520 1276; x_wconf 84' lang='lat' dir='ltr'><strong>senfim</strong></span> 
     </span>
     <span class='ocr_line' id='line_1_11' title="bbox 261 1307 1225 1373; baseline 0.001 -20"><span class='ocrx_word' id='word_1_49' title='bbox 261 1310 375 1355; x_wconf 86' lang='lat' dir='ltr'><strong>Sunt</strong></span> <span class='ocrx_word' id='word_1_50' title='bbox 399 1308 528 1373; x_wconf 82' lang='lat' dir='ltr'><strong>supra</strong></span> <span class='ocrx_word' id='word_1_51' title='bbox 553 1307 736 1355; x_wconf 84' lang='lat' dir='ltr'><strong>acclives</strong></span> <span class='ocrx_word' id='word_1_52' title='bbox 763 1307 1087 1372; x_wconf 81' lang='lat' dir='ltr'><strong>alterutrinque</strong></span> <span class='ocrx_word' id='word_1_53' title='bbox 1115 1307 1194 1354; x_wconf 85' lang='lat' dir='ltr'><strong>viae</strong></span> <span class='ocrx_word' id='word_1_54' title='bbox 1215 1307 1225 1354; x_wconf 71' lang='grc' dir='ltr'><strong>Ι</strong></span> 
     </span>
    </p>

    <p class='ocr_par' dir='ltr' id='par_1_8' title="bbox 189 1390 1355 1538">
     <span class='ocr_line' id='line_1_12' title="bbox 189 1390 1355 1457; baseline -0.001 -19"><span class='ocrx_word' id='word_1_55' title='bbox 189 1391 345 1438; x_wconf 83' lang='lat' dir='ltr'><strong>Pontis</strong></span> <span class='ocrx_word' id='word_1_56' title='bbox 381 1405 597 1457; x_wconf 71' lang='lat' dir='ltr'><strong>aperturae</strong></span> <span class='ocrx_word' id='word_1_57' title='bbox 632 1390 773 1455; x_wconf 43' lang='lat' dir='ltr'><strong>quem</strong></span> <span class='ocrx_word' id='word_1_58' title='bbox 801 1390 966 1437; x_wconf 86' lang='lat' dir='ltr'><strong>distant</strong></span> <span class='ocrx_word' id='word_1_59' title='bbox 1001 1390 1176 1455; x_wconf 84' lang='lat' dir='ltr'><strong>legibus</strong></span> <span class='ocrx_word' id='word_1_60' title='bbox 1200 1390 1355 1456; x_wconf 85' lang='lat' dir='ltr'><strong>aequis,</strong></span> 
     </span>
     <span class='ocr_line' id='line_1_13' title="bbox 257 1473 1095 1538; baseline 0 -18"><span class='ocrx_word' id='word_1_61' title='bbox 257 1474 466 1521; x_wconf 82' lang='lat' dir='ltr'><strong>Exterior</strong></span> <span class='ocrx_word' id='word_1_62' title='bbox 489 1475 654 1538; x_wconf 87' lang='lat' dir='ltr'><strong>quaevis</strong></span> <span class='ocrx_word' id='word_1_63' title='bbox 679 1473 886 1521; x_wconf 82' lang='lat' dir='ltr'><strong>interiore</strong></span> <span class='ocrx_word' id='word_1_64' title='bbox 919 1473 1095 1521; x_wconf 84' lang='lat' dir='ltr'><strong>minor!</strong></span> 
     </span>
    </p>

    <p class='ocr_par' dir='ltr' id='par_1_9' title="bbox 186 1557 1478 1704">
     <span class='ocr_line' id='line_1_14' title="bbox 186 1557 1478 1623; baseline 0.001 -21"><span class='ocrx_word' id='word_1_65' title='bbox 186 1557 327 1603; x_wconf 87' lang='lat' dir='ltr'><strong>Hunc</strong></span> <span class='ocrx_word' id='word_1_66' title='bbox 351 1557 456 1603; x_wconf 84' lang='lat' dir='ltr'><strong>artis</strong></span> <span class='ocrx_word' id='word_1_67' title='bbox 483 1557 764 1622; x_wconf 88' lang='lat' dir='ltr'><strong>splendorem</strong></span> <span class='ocrx_word' id='word_1_68' title='bbox 790 1557 918 1615; x_wconf 87' lang='lat' dir='ltr'><strong>inter,</strong></span> <span class='ocrx_word' id='word_1_69' title='bbox 945 1558 1059 1605; x_wconf 84' lang='lat' dir='ltr'><strong>nihil</strong></span> <span class='ocrx_word' id='word_1_70' title='bbox 1096 1557 1285 1623; x_wconf 83' lang='lat' dir='ltr'><strong>impedit</strong></span> <span class='ocrx_word' id='word_1_71' title='bbox 1320 1557 1478 1615; x_wconf 84' lang='lat' dir='ltr'><strong>undas,</strong></span> 
     </span>
     <span class='ocr_line' id='line_1_15' title="bbox 256 1638 1301 1704; baseline 0.002 -21"><span class='ocrx_word' id='word_1_72' title='bbox 256 1640 419 1700; x_wconf 80' lang='lat' dir='ltr'><strong>Qove</strong></span> <span class='ocrx_word' id='word_1_73' title='bbox 445 1638 594 1686; x_wconf 70' lang='lat' dir='ltr'><strong>minus</strong></span> <span class='ocrx_word' id='word_1_74' title='bbox 620 1639 820 1704; x_wconf 84' lang='lat' dir='ltr'><strong>placidus</strong></span> <span class='ocrx_word' id='word_1_75' title='bbox 845 1640 915 1686; x_wconf 89' lang='lat' dir='ltr'><strong>vel</strong></span> <span class='ocrx_word' id='word_1_76' title='bbox 940 1642 1189 1687; x_wconf 84' lang='lat' dir='ltr'><strong>taciturnus</strong></span> <span class='ocrx_word' id='word_1_77' title='bbox 1214 1657 1301 1686; x_wconf 86' lang='lat' dir='ltr'><strong>eas.</strong></span> 
     </span>
    </p>

    <p class='ocr_par' dir='ltr' id='par_1_10' title="bbox 183 1719 1402 1868">
     <span class='ocr_line' id='line_1_16' title="bbox 183 1719 1402 1778; baseline 0.002 -14"><span class='ocrx_word' id='word_1_78' title='bbox 183 1719 267 1766; x_wconf 85' lang='lat' dir='ltr'><strong>Nil</strong></span> <span class='ocrx_word' id='word_1_79' title='bbox 290 1720 371 1767; x_wconf 85' lang='lat' dir='ltr'><strong>tibi</strong></span> <span class='ocrx_word' id='word_1_80' title='bbox 397 1721 652 1768; x_wconf 86' lang='lat' dir='ltr'><strong>descensum</strong></span> <span class='ocrx_word' id='word_1_81' title='bbox 678 1721 920 1778; x_wconf 81' lang='lat' dir='ltr'><strong>accelerat3</strong></span> <span class='ocrx_word' id='word_1_82' title='bbox 961 1740 1054 1769; x_wconf 92' lang='lat' dir='ltr'><strong>non</strong></span> <span class='ocrx_word' id='word_1_83' title='bbox 1078 1720 1256 1768; x_wconf 83' lang='lat' dir='ltr'>vorticis</span> <span class='ocrx_word' id='word_1_84' title='bbox 1282 1719 1402 1767; x_wconf 86' lang='lat' dir='ltr'><strong>ullus</strong></span> 
     </span>
     <span class='ocr_line' id='line_1_17' title="bbox 252 1803 1308 1868; baseline 0 -20"><span class='ocrx_word' id='word_1_85' title='bbox 252 1805 470 1866; x_wconf 86' lang='lat' dir='ltr'><strong>Impetus,</strong></span> <span class='ocrx_word' id='word_1_86' title='bbox 499 1803 544 1850; x_wconf 88' lang='lat' dir='ltr'><strong>in</strong></span> <span class='ocrx_word' id='word_1_87' title='bbox 572 1820 764 1868; x_wconf 70' lang='lat' dir='ltr'><strong>praeceps</strong></span> <span class='ocrx_word' id='word_1_88' title='bbox 803 1803 922 1849; x_wconf 86' lang='lat' dir='ltr'><strong>unde</strong></span> <span class='ocrx_word' id='word_1_89' title='bbox 948 1803 1145 1850; x_wconf 87' lang='lat' dir='ltr'><strong>ferantur</strong></span> <span class='ocrx_word' id='word_1_90' title='bbox 1166 1820 1308 1867; x_wconf 83' lang='lat' dir='ltr'><strong>aquae.</strong></span> 
     </span>
    </p>

    <p class='ocr_par' dir='ltr' id='par_1_11' title="bbox 180 1880 1316 2027">
     <span class='ocr_line' id='line_1_18' title="bbox 180 1880 1298 1942; baseline 0.001 -15"><span class='ocrx_word' id='word_1_91' title='bbox 180 1880 332 1929; x_wconf 81' lang='lat' dir='ltr'><strong>Fluxu</strong></span> <span class='ocrx_word' id='word_1_92' title='bbox 359 1882 494 1942; x_wconf 85' lang='lat' dir='ltr'><strong>idern,</strong></span> <span class='ocrx_word' id='word_1_93' title='bbox 518 1883 694 1931; x_wconf 84' lang='lat' dir='ltr'><strong>refluxu</strong></span> <span class='ocrx_word' id='word_1_94' title='bbox 719 1885 855 1941; x_wconf 88' lang='lat' dir='ltr'><strong>idem,</strong></span> <span class='ocrx_word' id='word_1_95' title='bbox 883 1883 1128 1931; x_wconf 76' lang='lat' dir='ltr'><strong>lenissimus</strong></span> <span class='ocrx_word' id='word_1_96' title='bbox 1151 1884 1298 1929; x_wconf 84' lang='lat' dir='ltr'><strong>amnis</strong></span> 
     </span>
     <span class='ocr_line' id='line_1_19' title="bbox 249 1966 1316 2027; baseline -0.002 -15"><span class='ocrx_word' id='word_1_97' title='bbox 249 1967 531 2016; x_wconf 80' lang='lat' dir='ltr'><strong>Incolumem</strong></span> <span class='ocrx_word' id='word_1_98' title='bbox 570 1969 719 2015; x_wconf 84' lang='lat' dir='ltr'><strong>subtus</strong></span> <span class='ocrx_word' id='word_1_99' title='bbox 745 1968 914 2027; x_wconf 86' lang='lat' dir='ltr'><strong>sternis,</strong></span> <span class='ocrx_word' id='word_1_100' title='bbox 944 1981 994 2014; x_wconf 85' lang='lat' dir='ltr'><strong>ut</strong></span> <span class='ocrx_word' id='word_1_101' title='bbox 1019 1966 1139 2024; x_wconf 76' lang='lat' dir='ltr'><strong>ante,</strong></span> <span class='ocrx_word' id='word_1_102' title='bbox 1164 1966 1281 2013; x_wconf 83' lang='lat' dir='ltr'><strong>viam</strong></span> <span class='ocrx_word' id='word_1_103' title='bbox 1298 1984 1316 2010; x_wconf 65' lang='lat' dir='ltr'><strong>:v</strong></span> 
     </span>
    </p>

    <p class='ocr_par' dir='ltr' id='par_1_12' title="bbox 175 2047 1223 2199">
     <span class='ocr_line' id='line_1_20' title="bbox 175 2047 1223 2113; baseline -0.002 -19"><span class='ocrx_word' id='word_1_104' title='bbox 175 2047 285 2095; x_wconf 80' lang='lat' dir='ltr'><strong>Setis</strong></span> <span class='ocrx_word' id='word_1_105' title='bbox 305 2048 525 2095; x_wconf 81' lang='lat' dir='ltr'><strong>indicium</strong></span> <span class='ocrx_word' id='word_1_106' title='bbox 559 2048 724 2105; x_wconf 77' lang='lat' dir='ltr'><strong>saec’lis,</strong></span> <span class='ocrx_word' id='word_1_107' title='bbox 759 2066 850 2113; x_wconf 86' lang='lat' dir='ltr'><strong>quo</strong></span> <span class='ocrx_word' id='word_1_108' title='bbox 875 2047 1074 2113; x_wconf 81' lang='lat' dir='ltr'><strong>principe</strong></span> <span class='ocrx_word' id='word_1_109' title='bbox 1099 2059 1223 2094; x_wconf 83' lang='lat' dir='ltr'><strong>tanta</strong></span> 
     </span>
     <span class='ocr_line' id='line_1_21' title="bbox 241 2132 1102 2199; baseline 0.003 -20"><span class='ocrx_word' id='word_1_110' title='bbox 241 2135 352 2180; x_wconf 79' lang='lat' dir='ltr'><strong>Haec</strong></span> <span class='ocrx_word' id='word_1_111' title='bbox 378 2134 456 2180; x_wconf 85' lang='lat' dir='ltr'><strong>tibi</strong></span> <span class='ocrx_word' id='word_1_112' title='bbox 480 2134 666 2181; x_wconf 80' lang='lat' dir='ltr'><strong>surrexit</strong></span> <span class='ocrx_word' id='word_1_113' title='bbox 686 2134 839 2199; x_wconf 84' lang='lat' dir='ltr'><strong>gloria,</strong></span> <span class='ocrx_word' id='word_1_114' title='bbox 868 2133 979 2180; x_wconf 86' lang='lat' dir='ltr'><strong>liber</strong></span> <span class='ocrx_word' id='word_1_115' title='bbox 1003 2132 1102 2182; x_wconf 78' lang='lat' dir='ltr'><strong>eris.</strong></span> 
     </span>
    </p>
   </div>
   <div class='ocr_carea' id='block_1_6' title="bbox 1329 2379 1649 2426">
    <p class='ocr_par' dir='ltr' id='par_1_13' title="bbox 1329 2379 1649 2426">
     <span class='ocr_line' id='line_1_22' title="bbox 1329 2379 1649 2426; baseline -0.006 -1"><span class='ocrx_word' id='word_1_116' title='bbox 1329 2379 1649 2426; x_wconf 79' lang='lat' dir='ltr'><strong>MILLIA·</strong></span> 
     </span>
    </p>
   </div>
  </div>
 </body>
</html>
