2070 2839
901 100 918 156 [
973 113 1026 155 45
1082 102 1100 159 ]

282 234 1350 311 &esteesteffefflwkfflzfflffizefflffwstffi
1353 247 1476 312 ,θὶξὲ
1484 248 1562 314 ’ἰέἓ
1568 251 1732 318 {uste}

602 379 704 424 HY
717 380 925 428 MNUS
984 383 1421 435 PASCHALIS.

261 482 533 562 ΞῇἷῗῖἶῗΠΕ
549 488 599 533 M
638 487 911 552 praeferebas,
935 488 1092 538 horior
1116 491 1195 539 ubi
1222 505 1344 552 tuus,

258 524 429 650 {QZ}
468 575 513 618 O
537 590 656 629 ome,
684 573 893 621 nondum
914 573 1146 623 funeribus
1167 576 1283 625 satur
1305 579 1322 625 ?

329 658 550 713 Vfficoriae,
585 674 695 721 quas
713 656 967 722 jaciitabas,

394 743 438 788 O
465 741 544 788 ubi
570 741 688 799 sun't,
709 743 893 789 avidum
918 743 1245 808 sepulchrum?

254 848 385 894 Mors
410 861 454 894 et
479 846 785 912 sepulchrum,
825 849 972 895 cedite
989 868 1003 906 ;
1044 851 1205 910 cedite,

256 929 433 977 Vinclis
461 930 646 986 solutis;
690 949 798 977 nam
824 934 1019 978 moritur
1046 934 1202 992 modo,

325 1017 391 1061 Ut
415 1014 582 1071 vincat,
609 1027 653 1061 et
678 1015 816 1062 victor
845 1015 1033 1080 resurgit

392 1094 468 1141 Ad
494 1093 672 1159 superos
695 1096 837 1153 Deus,
866 1107 919 1142 ut
955 1093 1223 1160 triumphet.

393 1332 475 1377 IN
511 1331 879 1377 REDITUM
916 1332 1211 1377 CAROLI
1250 1333 1599 1395 SECUNDI,

834 1413 950 1461 Maii
989 1432 1117 1461 xxix.

409 1505 552 1554 UX
583 1504 703 1551 alma
728 1516 771 1551 et
797 1503 934 1552 creffo
952 1503 1124 1568 semper
1148 1501 1364 1566 signanda
1383 1503 1539 1568 lapillo
1558 1508 1635 1564 est,

334 1582 356 1609 L
511 1591 551 1635 C
554 1589 688 1647 arole
717 1607 816 1654 quae
848 1590 1021 1653 Regnis
1043 1601 1101 1646 te,
1128 1588 1208 1634 tibi
1231 1591 1393 1653 Regna
1415 1590 1574 1647 dedit;

264 1663 282 1680 ²
330 1661 357 1691 ¹
381 1674 557 1741 Qae
575 1697 666 1724 non
692 1692 744 1724 ut
769 1679 940 1741 semper
966 1678 1124 1722 Patriae
1150 1693 1292 1738 vagus
1314 1676 1422 1722 exul
1446 1676 1612 1723 abesses

317 1761 458 1819 Passa,
486 1761 610 1808 dedit
630 1760 839 1808 manibus
862 1759 1013 1806 debita
1032 1758 1202 1821 sceptra
1225 1756 1329 1803 tuis.

252 1848 359 1914 Q&
395 1847 535 1894 scelus
556 1847 809 1893 extinctum
834 1841 986 1909 positis
1012 1841 1224 1888 civilibus
1250 1843 1405 1899 armis,

319 1932 424 1996 Q&
448 1933 570 1978 furor
589 1942 634 1976 et
663 1929 784 1977 dirus
814 1927 1038 1975 seditionis
1058 1944 1200 1972 amor.

250 2018 293 2061 O
324 2015 441 2071 date,
467 2012 564 2067 Dii,
598 2011 811 2058 sacratam
841 2010 1036 2057 habeant
1070 2008 1187 2056 hanc
1223 2006 1363 2071 usque
1390 2017 1573 2071 nepotes
1591 2026 1604 2064 ;

320 2103 386 2147 Ut
410 2098 510 2145 suus
535 2097 644 2145 huic
672 2098 764 2144 luci
781 2095 850 2153 fit,
884 2096 1003 2150 date,
1029 2093 1199 2158 semper
1219 2092 1375 2139 honos.

250 2182 494 2234 Caroliden
517 2182 596 2229 lux
614 2200 706 2229 una
740 2180 880 2237 dedit,
906 2179 986 2225 lux
1012 2176 1208 2224 reddidit
1227 2193 1348 2232 una3

317 2268 486 2326 Dicite,
515 2285 628 2315 num
649 2266 790 2333 majus
817 2264 929 2331 quid
955 2264 1078 2311 dedit
1097 2281 1187 2310 una
1208 2261 1333 2311 dies?

1639 2329 1661 2371 I
1680 2329 1726 2372 N
