2070 2839
435 89 629 124 ITER
682 88 828 125 PER
881 89 1257 126 TAMISIN.
1607 91 1673 138 169

185 202 360 246 Interea
385 199 506 247 dives
533 200 693 266 pingui
719 219 823 247 cum
850 201 1040 266 conjuge
1065 200 1191 258 civis,

183 286 367 334 visendi
391 287 554 351 pariter
579 300 736 351 captus
763 286 1002 333 dulcedine
1036 289 1166 342 ruris,

184 370 403 427 Advenit,
429 374 470 417 ὃς
496 370 689 435 puppim
723 388 904 416 mecum
929 371 1189 416 conscendit
1226 371 1433 417 eandenn

181 454 396 509 Portitor,
424 465 475 497 ut
510 453 670 498 mulier
694 470 858 499 navem
885 452 1159 509 conscendit,
1189 455 1383 499 amicam

178 533 407 578 Praebebat
442 532 663 590 dextram,
698 536 740 579 ὃς
766 532 931 596 greffus
958 532 1167 580 firmabat
1191 534 1386 598 iniquos.

180 616 303 678 Saepe
323 613 519 678 quidem
535 613 679 660 voluit
704 608 852 660 causus
883 613 1056 661 finxisse
1083 617 1306 673 morandi,

179 695 431 757 Expectans
458 693 613 749 alium,
641 692 673 740 fi
699 692 787 740 fors
813 694 1097 741 descenderet
1124 695 1255 753 ulius,

180 779 334 840 Qiem
361 776 553 834 veheret,
583 777 654 823 sed
681 777 790 842 saepe
816 777 943 824 suum
965 779 1199 826 detrudere
1223 779 1366 844 jussus

179 859 457 922 Navigium‚
486 858 610 905 littus
648 859 833 906 tandem
859 861 1079 924 terrasque
1106 861 1332 924 relinquit.

180 937 287 995 Hic,
316 940 500 1002 antique
527 950 652 1002 pater
677 937 820 996 fluvii,
850 939 932 985 tibi
956 952 1080 1003 grata
1106 957 1309 986 camoena

178 1020 223 1065 Si
248 1018 408 1075 tenuis,
442 1018 644 1082 placidus
667 1020 824 1082 coeptis
849 1019 1124 1083 juvenilibus
1154 1019 1281 1077 adsis,

177 1102 238 1147 Et
263 1099 439 1164 cymbae
464 1099 721 1163 nostrosque
748 1099 869 1146 idem
894 1113 943 1146 tu
968 1099 1112 1164 dirige
1145 1099 1311 1146 cursus.

175 1185 373 1249 Jamque
398 1195 523 1246 parat
549 1180 704 1228 validis
732 1180 990 1229 incumbere
1015 1181 1168 1228 navita
1188 1182 1341 1239 remis,

175 1273 236 1319 Et
260 1269 448 1337 genibus
474 1267 632 1315 nostris
656 1269 795 1314 vestes
819 1268 1052 1333 imponere
1076 1280 1221 1322 curat,

174 1359 351 1403 Exutus
374 1366 550 1400 curtam
567 1354 785 1409 tunicam,
806 1352 880 1398 cui
903 1353 1115 1399 mannica
1132 1351 1240 1397 laeva

174 1443 385 1505 Argento
403 1437 563 1502 gravis,
598 1450 734 1500 atque
758 1436 1016 1483 extantibus
1035 1435 1185 1500 aspera
1219 1433 1371 1499 signis.

174 1526 261 1571 His
288 1524 350 1569 ita
374 1519 609 1587 dispositis,
638 1520 851 1568 tubulum
875 1538 981 1567 cum
1006 1519 1176 1586 pyxide
1201 1519 1368 1585 magnii.

174 1601 432 1668 Depromit,
460 1602 641 1665 nigrum
667 1600 831 1666 longus
863 1618 1003 1665 quem
1027 1598 1193 1647 fecerat
1228 1600 1342 1647 usus.

172 1688 315 1732 Hunc
341 1682 581 1748 postquam
600 1681 809 1746 implerat
833 1694 968 1746 paeto,
996 1680 1257 1746 filicemque
1285 1682 1474 1748 parebat,

171 1761 378 1812 Excussit
409 1760 682 1818 scintillam3
727 1760 805 1807 ubi
831 1762 962 1825 copia
986 1762 1170 1826 ponitur
1195 1762 1279 1807 atri

172 1849 380 1906 Fomitis,
407 1846 517 1894 hinc
556 1846 712 1912 ignem
737 1843 819 1892 fibi
844 1845 1042 1893 multum
1067 1848 1241 1910 exugit,
1268 1851 1310 1894 ὃς
1336 1845 1495 1894 haustu

170 1931 438 1979 Accendens
459 1929 632 1988 crebro,
660 1929 885 1996 surgentes
907 1931 1121 1997 deprimit
1143 1931 1299 1979 herbas

172 2019 391 2063 Extremo
422 2014 597 2079 digito:
637 2016 684 2062 in
708 2015 876 2063 cineres
896 2015 1112 2063 albescere
1137 2030 1305 2082 paetum

174 2100 358 2165 Incipit,
381 2114 426 2148 et
450 2100 555 2149 naso
578 2113 730 2167 gratos
755 2101 925 2149 emittit
948 2102 1124 2149 odores.

173 2189 300 2236 Turn
321 2205 474 2235 remex
498 2188 710 2254 puppim,
733 2188 909 2236 medius
934 2206 1025 2253 qua
1049 2187 1252 2236 fluminis
1276 2186 1444 2246 alveus,

906 2274 948 2318 Z
1468 2267 1654 2332 Dirigit,
