2070 2839
526 88 892 133 THYRs'1s
944 88 1042 134 ET
1089 89 1374 141 CHLoss.

224 284 391 332 'Forma
417 285 503 332 fuit
542 287 671 349 (dum
698 285 844 336 forma
870 289 975 352 fuit)
1010 294 1227 341 nascentis
1254 296 1308 342 ad
1334 297 1459 346 instat

296 366 457 424 Flosis,
486 369 559 414 cui
586 387 701 415 cano
724 373 960 435 gemmula
980 392 1075 421 rore
1103 387 1283 435 tumet3

217 451 285 496 „Et
312 453 508 497 Veneres
534 450 678 510 risere,
702 457 749 500 ὃς
766 453 1044 505 -subrubuere
1068 457 1244 518 labella,

295 538 519 585 subrubet
543 551 594 586 ut
617 542 781 588 teneris
808 560 1009 609 purpura
1029 547 1175 610 prima
1201 545 1319 595 rosis„

918 630 978 674 V.

224 707 307 754 Sed
328 707 448 754 lenta
467 709 617 755 exedit
643 708 766 756 tabes
803 709 1085 776 mollemque
1110 712 1337 771 ruborem,

292 797 352 839 Et
377 792 528 839 faciles
553 793 680 850 risus,
706 793 971 859 &juvenile
996 795 1133 842 decus
1156 816 1166 842 ε

221 879 280 922 Et
303 877 394 924 rosa
419 876 639 942 paulatim
661 877 902 941 languens,
927 879 1097 926 nudata
1123 879 1305 944 reliquit

288 958 486 1016 Oscula3
528 958 758 1023 praeripuit
782 976 904 1005 mors
929 973 1169 1025 properata
1188 959 1385 1008 Chloen„

892 1046 937 1089 V
942 1047 974 1091 Ι.

214 1130 394 1175 Excute
417 1138 460 1174 te
481 1127 650 1174 'somnis
670 1144 684 1184 3
718 1129 1134 1193 *noeturno-egreffa
1160 1128 1411 1194 sepulchro,

285 1215 458 1258 Evocat
482 1209 679 1258 infidum
705 1210 934 1276 Thyrfida
957 1211 1050 1259 fida
1073 1212 1222 1260 Chloe
1243 1234 1254 1260 ε

1665 124 1709 159 57

215 1297 428 1345 Tandem
453 1295 502 1343 o!
542 1314 666 1343 nunc
697 1297 883 1343 tandem
909 1297 1126 1355 miserere,
1152 1297 1352 1364 audique
1375 1300 1577 1366 puellam

285 1381 375 1429 Cui
400 1393 503 1428 tuus
532 1378 700 1427 invidit
725 1381 869 1426 vivere
895 1381 1035 1428 durus
1051 1399 1202 1430 amor.

876 1466 984 1512 VII..

209 1550 505 1599 Haetenebrae
530 1548 743 1614 querulos
771 1566 938 1606 manes,
967 1548 1060 1596 haec
1077 1550 1202 1597 elicit
1227 1549 1352 1609 hora,

279 1639 346 1682 Ut
372 1634 560 1681 tumulis
586 1634 775 1680 reserent
801 1633 992 1680 humida
1017 1635 1207 1681 claustra
1232 1636 1348 1693 suis;

210 1718 481 1781 Speftraque
505 1715 774 1770 discurrunt,
801 1713 966 1778 perjuri
983 1726 1124 1760 terror
1142 1717 1361 1763 amantis:

277 1803 344 1845 Ut
370 1798 600 1864 trepidum
626 1798 835 1844 infestent
856 1797 1178 1861 exagitentque
1204 1816 1347 1847 reum.

855 1883 988 1930 VIII.

207 1969 252 2014 T
256 1963 393 2030 hyrfi,
421 1976 556 2012 tuum
579 1966 769 2023 erisnen,
795 1965 974 2012 solenne
999 1966 1211 2032 recollige
1233 1967 1393 2027 foedus,

275 2053 337 2097 Et
360 2065 519 2097 revoca
543 2049 658 2096 laesos
679 2050 725 2096 in
747 2062 824 2097 tua
849 2063 952 2097 vota
977 2052 1098 2098 Deos
1120 2071 1132 2098 ε

205 2131 562 2196 Virgineamque
585 2128 742 2188 fidem,
759 2129 1000 2196 jurataque
1021 2132 1154 2179 verba.
1179 2134 1358 2182 remitte
1379 2152 1393 2191 ;

274 2219 335 2263 Et
361 2233 462 2263 mea
487 2215 622 2263 redde
647 2215 762 2264 mihi
787 2230 904 2275 vota,
934 2216 1215 2266 resume'tua.

937 2332 963 2378 Ι

1517 2331 1598 2377 ΙΧ.
1630 2334 1682 2378 In
