2070 2839
326 92 1426 134 MANUALETYPOGRAPHIA.
1556 110 1625 144 205

137 205 306 252 Rubris
334 204 565 252 consuitur
592 204 786 269 pannis3
828 204 915 250 fors
943 203 1109 252 texitur
1140 224 1280 265 auro3

210 290 282 337 ssis
311 291 431 337 sexta
453 290 508 336 ad
536 290 765 336 summum
787 291 948 354 pagina
971 289 1141 338 claudit
1164 310 1292 356 opus,

136 371 219 417 Nil
245 371 381 418 habet
407 370 432 418 zi
452 384 576 434 tergo
603 370 778 416 titulive
812 382 890 416 aut
924 370 1121 418 nominis
1143 390 1157 429 3
1201 372 1321 419 intus

204 452 457 499 Thesauros
483 451 589 499 artis
616 452 769 508 servat,
798 456 839 498 ὃς
866 453 986 498 intus
1019 471 1158 518 opes:

133 537 259 581 Intus
285 553 408 600 opes,
434 553 545 599 quas
573 533 775 598 nympha
800 531 897 580 finu
925 535 1230 599 pulcherrima
1270 538 1427 602 gestet,

204 622 329 683 Qias
355 619 457 665 nive
490 618 721 665 candidior
747 622 902 665 tradet
934 632 1144 684 ametque
1172 639 1346 669 manus,

133 705 330 767 Qando
356 706 707 751 instrumentum
734 703 915 768 praesens
942 702 1020 750 fibi
1052 704 1247 769 postulat
1274 705 1391 764 usuS,

203 786 421 852 Majusve‚
449 799 542 843 aut,
582 785 725 850 operis
757 803 838 849 pro
871 787 1057 841 ratione,
1083 788 1246 834 minus.

134 869 194 914 Et
212 885 375 932 genere
412 871 454 914 δε
475 866 662 914 modulo
694 866 861 912 diversa
886 865 1021 913 habet
1040 884 1176 926 arma,
1198 867 1421 932 gradatim

203 953 403 1018 Digesta,
429 953 485 999 ad
510 970 717 999 numeros
737 965 965 998 attenuata
991 951 1118 998 suos:

133 1033 339 1078 Primum
365 1031 617 1079 Enchiridii
650 1031 813 1077 folium
838 1031 1083 1096 majuscula
1108 1030 1294 1095 profert,

204 1112 382 1175 Qalia,
407 1131 504 1176 quae
529 1111 658 1158 blaeso
683 1110 744 1157 est
769 1111 960 1168 lumine,
988 1111 1136 1175 poscat
1162 1129 1289 1159 anus.

135 1195 274 1260 Qod
301 1195 497 1259 sequitur
530 1193 710 1251 folium,
740 1193 958 1240 matronis
985 1211 1108 1240 arma
1135 1195 1369 1254 ministrat,

202 1275 365 1322 Dicere
390 1294 489 1340 quae
522 1276 698 1341 magnis
732 1276 1007 1340 proximiora
1033 1277 1152 1323 licet.

133 1360 361 1416 Tertium,
389 1361 497 1405 item
539 1371 763 1422 quartum„
788 1359 1094 1423 quintumque
1119 1358 1366 1405 minuscula
1390 1358 1581 1425 supplet,

201 1440 285 1486 Sed
306 1458 397 1487 non
423 1439 620 1504 ejusdem
647 1438 820 1502 singula
848 1457 1037 1503 quaeque
1062 1439 1164 1485 loci.

133 1523 355 1589 Disposita
380 1522 612 1569 ordinibus
643 1524 790 1580 certis,
825 1523 1083 1570 discrimina
1108 1524 1310 1582 servant3

202 1611 314 1671 Qiae
338 1607 418 1654 fibi
449 1608 736 1666 conveniant,
766 1609 919 1674 seligat
945 1610 1066 1656 unde
1097 1628 1249 1657 nurus.

138 1692 310 1739 Ultima
335 1711 437 1756 quae
478 1692 657 1748 restant,
686 1711 786 1755 quae
823 1693 970 1739 multa
994 1693 1219 1740 minutula
1261 1693 1466 1758 nympha

203 1774 349 1831 Dicit,
375 1776 477 1821 sunt
507 1775 614 1821 sexti
649 1774 816 1820 divitiae
852 1773 962 1821 folii.

136 1854 375 1918 Qautillo
400 1856 448 1901 in
467 1854 607 1919 spatio
627 1853 826 1900 doctrina
851 1853 907 1900 o!
943 1867 1113 1918 quanta
1138 1854 1333 1901 latescit!

206 1940 360 1999 Qlam
386 1949 537 1983 tamen
564 1935 796 1983 obscuram
827 1935 901 1982 vix
926 1935 1138 1983 brevitate
1163 1955 1310 1983 voces,

137 2025 247 2068 Non
271 2021 332 2068 est
354 2021 580 2086 interpres,
609 2039 701 2067 non
727 2021 1080 2067 commentarius
1107 2020 1240 2078 ullus,

206 2106 308 2150 Aut
334 2103 501 2161 index3
531 2116 625 2150 tam
650 2104 751 2150 sunt
782 2103 933 2149 omnia
958 2103 1203 2168 perspicua.

138 2193 337 2238 AEtatem
358 2192 413 2238 ad
438 2190 657 2255 quamvis,
687 2190 741 2237 ad
767 2204 951 2255 captum
971 2190 1031 2237 ita
1055 2189 1242 2258 fingitur
1260 2210 1461 2250 omnem,

207 2277 271 2321 Ut
297 2275 411 2323 nihil
436 2275 590 2325 auxilii
608 2275 799 2341 postulet
825 2275 930 2323 inde
954 2275 1079 2324 liber.
1476 2347 1503 2391 b
1547 2345 1558 2390 Ι

1506 2347 1542 2390 'li
1566 2345 1621 2395 {ia
