2070 2839
198 742 384 846 &QZ—35&
402 749 465 805 Ν,
505 747 706 807 Thoma,
734 768 791 797 en
817 750 1002 799 inhians
1023 752 1213 800 divino
1202 772 1248 801 1n
1283 772 1469 819 corpore
1494 755 1674 814 vulnus,

344 837 382 923 ξ
423 842 493 884 En
517 839 664 886 crucis
690 853 733 887 et
756 840 870 888 clavi
895 841 1032 889 livida
1056 841 1180 909 signa
1207 845 1336 892 vide!

196 932 420 980 Credulus
447 930 554 978 hinc
579 930 811 980 Christum
836 935 1065 998 agnoscas,
1091 938 1205 983 dum
1224 938 1409 985 vulnera
1430 941 1643 989 monstrat

269 1018 384 1078 Qae
407 1013 553 1078 digito
577 1014 797 1079 explores,
824 1017 1009 1064 vulnera
1033 1017 1240 1066 Christus
1265 1019 1413 1069 habet.

196 1098 323 1145 Hinc
350 1094 449 1153 tibi,
476 1095 591 1154 dive,
611 1094 768 1154 fidem,
792 1096 901 1145 hinc
926 1097 1024 1145 aliis
1049 1099 1322 1160 confirmat3
1361 1115 1407 1150 et
1431 1103 1522 1168 ipse

267 1178 410 1242 Qod
432 1180 626 1239 dubites,
653 1181 761 1230 alios
784 1199 878 1230 non
905 1183 1112 1232 dubitare
1135 1184 1255 1234 finit.

438 1502 520 1547 IN
564 1504 972 1550 CALENDASI
1025 1505 1423 1570 JANUARII.

189 1626 538 1697 {ff'ssssssANE
570 1644 711 1696 pater,
745 1630 931 1696 gemino
955 1633 1098 1679 cernis
1123 1633 1206 1696 qui
1231 1644 1438 1698 tempora
1461 1635 1608 1693 vultu,

189 1671 232 1759 οἷο
269 1691 290 1733 J
327 1669 370 1758 9}

186 1732 370 1800 οξοῆεᾷῆεοξο

186 1806 420 1867 Tempora
443 1798 680 1864 prospicias
702 1798 942 1854 nascentia,
963 1809 1009 1844 et
1032 1797 1187 1844 omine
1227 1797 1331 1847 laeto

406 1716 499 1776 Qi
524 1711 663 1759 finem
688 1730 929 1769 annorum,
955 1714 1326 1778 principiumque
1351 1717 1501 1766 vides·
1487 1754 1503 1776 ,

255 1885 519 1949 Distinguat
541 1883 707 1929 faustos
731 1881 949 1928 candidus
975 1881 1087 1928 ordo
1112 1880 1220 1929 dies.

184 1973 371 2019 Ferratis
397 1967 559 2016 cohibe
584 1967 753 2014 foribus
779 1967 948 2012 tristem
978 1965 1098 2013 intus
1136 1967 1343 2032 erynnin,

254 2056 467 2122 Improba
492 2072 575 2101 nec
596 2053 747 2118 poscat
770 2052 937 2098 civicus
962 2068 1087 2099 arma
1111 2052 1249 2100 furor.

186 2137 394 2202 incipiat,
428 2154 598 2202 precor,
631 2133 838 2199 auspiciis
863 2132 1068 2180 felicibus
1093 2151 1252 2193 annus,

251 2223 323 2278 Et,
350 2220 517 2284 quibus
544 2217 750 2285 auspiciis
772 2215 932 2282 incipit
950 2233 1110 2277 annu8,
1137 2227 1222 2264 eat.

893 2330 1002 2375 G2
1572 2324 1661 2377 [N
