2070 2839
780 101 1007 157 [¹93]

322 319 686 363 CRURA
758 320 1468 369 ADSCITITIA.

147 413 322 510 063}
336 421 370 462 A
389 420 431 462 Ν
444 419 483 462 C
508 434 619 481 puer
640 420 699 480 (8.,
723 419 851 481 pueri
873 432 1073 466 mentem
1094 438 1277 485 quoque
1301 421 1443 486 glorii.
1464 423 1625 487 tangit)

146 502 225 586 ἓξὲξ(
199 481 322 587 <kg
361 513 520 554 Artem
554 506 706 564 habet,
736 520 785 553 ut
808 506 892 554 sese
922 509 1078 556 tolleie
1108 512 1243 575 pofi'it
1273 510 1444 559 humo:

148 584 312 637 Selecia
338 608 389 636 ex
419 590 587 636 baculis
615 591 707 636 duo
735 590 857 655 ligna
881 591 1070 656 abiegna
1105 594 1304 659 requirit,

217 675 425 735 Qatuor
449 672 504 718 ad
528 672 636 737 spat
626 691 721 719 ium
760 673 912 737 plusve
938 675 1139 723 ιῃὶιὶυίὶε
1160 677 1347 741 pedum.

148 753 234 799 His
259 757 410 812 etiam,
438 767 489 801 ut
522 753 679 802 melius
709 754 891 819 vestigia
924 753 1091 815 firmet,
1116 761 1285 823 equino

221 844 291 887 De
317 841 440 888 corio
465 839 610 904 affigit
640 840 771 886 fortia
805 841 895 887 lora
926 841 1032 889 duo.

151 923 263 984 Qiae
288 925 526 986 postquam
564 922 699 969 clavis
726 921 855 986 supra
886 922 1086 970 devinxit
1119 926 1310 985 &insi-a,

224 1003 321 1067 Ipse
349 1004 479 1050 suum
501 1003 689 1061 scandit,
715 1004 840 1068 quod
867 1003 1113 1063 fabricavit,
1152 1026 1297 1072 opus:

152 1087 393 1150 Cautoque
421 1086 602 1143 incedit,
631 1086 778 1151 prima
806 1086 862 1132 ad
887 1088 1152 1147 tentamina,
1188 1091 1349 1154 greffu,

221 1173 280 1215 Et
302 1188 419 1216 nova
461 1187 566 1216 cum
593 1168 740 1215 multo
771 1186 899 1216 crura
925 1181 1118 1217 tremore
1149 1186 1317 1221 movet.

126 1310 135 1312 „
155 1253 272 1298 Mox
297 1252 374 1299 ubi
401 1251 441 1297 se
471 1250 630 1298 didicit
665 1250 903 1297 libramine
928 1252 1120 1315 pendere
1137 1253 1274 1318 justo,

224 1339 349 1383 Hinc
376 1336 480 1383 inde
500 1335 744 1400 intrepidos
765 1336 942 1399 fertque
963 1335 1189 1401 refertque
1211 1339 1390 1402 gradus.

152 1423 263 1467 Saxa
286 1439 362 1485 per
397 1425 438 1467 ὃς
460 1420 626 1484 plateas
670 1419 796 1484 largis
832 1419 928 1465 vult
949 1420 1141 1483 paffibus
1167 1421 1258 1479 ire3

225 1504 333 1565 Qia
357 1505 428 1550 via
452 1522 529 1569 per
553 1503 774 1561 medium,
802 1502 893 1568 qua
919 1505 985 1551 via
1010 1506 1149 1564 nulla,
1172 1507 1337 1555 lutum.

151 1586 272 1633 Cum
299 1586 445 1634 subito
488 1586 720 1650 (audentes
744 1584 924 1633 fortuna
949 1604 1032 1633 nec
1055 1587 1193 1653 usque
1207 1588 1386 1653 juvabit

223 1669 450 1733 Prospera)
476 1671 522 1715 in
542 1668 828 1714 immundam
858 1669 1160 1732 praecipitatur
1196 1671 1408 1718 humum.

157 1753 284 1813 Qid
309 1751 441 1799 faciat
470 1752 603 1817 patris
638 1765 858 1808 metuens,
894 1754 1186 1819 metuensque
1226 1754 1452 1819 magistri!

224 1837 333 1897 Qo
357 1836 502 1900 fugiat
529 1837 700 1880 tunicas
727 1835 968 1898 squalidus,
994 1854 1085 1893 ora,
1110 1836 1296 1883 manus!

151 1920 277 1983 Qin
304 1920 467 1967 iterum
514 1920 734 1977 ascendat,
764 1919 938 1985 magnis
962 1920 1066 1968 licet
1098 1923 1275 1969 excidat
1300 1921 1444 1978 ausi33

220 2006 262 2050 Si
289 2004 405 2051 male
431 2022 552 2053 nunc
582 2006 730 2060 fuerit,
768 2022 859 2050 non
892 2002 1007 2050 male
1044 2004 1215 2070 semper
1247 2007 1346 2052 erit.

153 2079 301 2127 Altius
339 2080 383 2126 in
411 2080 579 2128 coelum
604 2080 751 2127 valido
792 2080 881 2144 pila
908 2080 1046 2146 surgit
1071 2082 1127 2127 ab
1151 2084 1241 2129 iau
1262 2101 1275 2138 3

222 2165 405 2211 Gaudet
430 2169 471 2211 ὃς
498 2163 524 2211 ἐι
555 2165 696 2230 plagis
721 2163 860 2228 ocyus
895 2165 954 2211 ire
979 2165 1176 2214 trochus.

154 2242 207 2286 In
231 2239 421 2302 geminis
448 2238 606 2286 didicit
631 2239 894 2303 quicunque
918 2239 1119 2287 incedere
1140 2241 1290 2306 lignis,

221 2322 440 2369 Cruribus
478 2321 550 2368 hic
576 2322 737 2387 poterit
766 2320 906 2368 tutius
940 2321 1001 2368 ire
1026 2322 1125 2369 suis.

877 2392 978 2437 Cc
1541 2391 1629 2438 IN
