2070 2839
868 132 1090 189 [281]

291 422 523 469 Perveniri
547 422 604 467 ad
643 423 884 468 Summum
909 419 990 467 nifi
1014 439 1069 467 ex
1094 419 1324 484 Principiis
1359 437 1451 466 non
1475 419 1635 484 potest.

229 536 766 622 QEWTONUM
798 536 1048 602 ingentem,
1074 536 1231 583 lumen
1252 554 1344 583 non
1371 536 1498 583 unius
1521 538 1615 594 aevi,

222 534 397 710 Ξέὲἷὲ
433 624 493 667 Α.
517 623 568 667 Β.
597 637 699 684 quae
723 619 883 667 docuit
903 620 1065 684 prima,
1092 619 1299 685 magistra
1325 618 1422 667 fuit.

219 712 409 758 Doffior
435 709 516 756 Ille
541 708 690 757 statim
725 708 894 766 vetula,
921 709 1012 756 cito
1039 707 1205 755 senfit
1196 709 1320 756 inani

287 795 522 853 Quiddam
547 793 613 840 his
641 793 824 840 literulis
854 793 998 858 majus
1024 793 1158 840 ineffe
1183 793 1306 841 sono.

217 881 429 926 Protinus
455 877 655 942 egregios
674 877 909 924 elementis
928 862 1121 942 repperit
1145 877 1248 924 usus
1269 894 1284 934 3

284 961 415 1019 Usus,
443 978 556 1025 quos
583 977 823 1025 nunquam
854 959 1119 1025 conjiciebat
1141 977 1267 1006 anus.

214 1042 453 1106 Notosque
478 1041 647 1107 ignotis
666 1059 877 1088 numeros
914 1042 1116 1088 conferre
1141 1040 1326 1106 peritUS‚

283 1122 397 1169 Inde
424 1123 663 1186 potestates
679 1122 844 1168 format
867 1122 1065 1185 utrisque
1080 1122 1217 1168 datas.

213 1206 375 1253 Laudo
401 1218 553 1251 tamen
591 1204 749 1250 vetulae
773 1218 997 1269 praecepta
1024 1221 1076 1249 ea
1099 1202 1311 1268 primula,
1339 1221 1532 1269 quaeque

279 1284 502 1332 Newtoni
529 1283 652 1330 haud
678 1283 883 1330 dubitem
920 1283 1068 1330 dicere
1099 1283 1336 1347 Principia.

210 1410 795 1461 QQQQQQQQQQQQ
787 1407 1698 1459 QQQQQQQQQQQQQQQQQQ

210 1630 383 1728 ξ*Ῐ*ξ
398 1636 446 1682 D
469 1634 691 1691 dextram,
714 1633 772 1680 ad
791 1632 964 1690 laevam,
987 1651 1136 1698 porro,
1154 1644 1285 1689 retro,
1306 1632 1428 1698 itque
1446 1632 1668 1698 reditque,

214 1678 243 1764 Ξ
349 1707 376 1733 ff

209 1738 382 1807 {mage
422 1718 741 1784 Deprensum
729 1734 777 1763 m
801 1716 964 1781 laqueo
987 1735 1125 1782 quem
1143 1717 1444 1782 Labyrinthus
1467 1716 1614 1766 habet.

205 1817 266 1861 Et
291 1812 400 1876 legit
417 1817 460 1858 δε
484 1809 640 1874 relegit
668 1808 851 1874 gressus,
877 1808 960 1855 sese
987 1808 1181 1875 explicet
1216 1807 1353 1863 unde,

277 1895 552 1961 Perplexum
576 1910 776 1957 quaerens
809 1893 930 1939 unde
946 1892 1143 1940 revolvat
1168 1891 1263 1940 iter.

205 1982 279 2026 Sta
304 1978 459 2035 modo,
486 1976 648 2042 respira
677 1975 882 2041 paulum,
910 1974 1042 2023 fimul
1067 1978 1219 2041 accipe
1251 1972 1420 2032 filum3

274 2062 453 2109 Certius
478 2065 522 2109 ὅτ,
548 2060 707 2108 melius
726 2078 819 2107 non
843 2060 1039 2107 Ariadne
1057 2060 1197 2107 dabit.

201 2144 269 2190 Sic
290 2155 348 2201 te,
374 2141 435 2190 fic
470 2142 632 2199 solum,
651 2140 859 2206 expedies
885 2159 1028 2188 errore
1051 2161 1061 2188 :
1103 2140 1277 2188 viarum

272 2228 548 2295 Principium
571 2225 787 2284 invenias,
813 2226 859 2273 id
885 2226 965 2273 tibi
992 2224 1094 2273 finis
1119 2227 1217 2272 erit.

858 2301 1006 2383 Q*

883 2397 927 2440 O
953 2411 981 2439 o
1538 2392 1673 2446 Quod
