2070 2839
315 142 665 180 GULIELMUS
718 143 994 181 SUSANNAE
1046 145 1431 182 VALEDICENS.
1585 150 1628 193 89

150 253 248 301 Effe
274 256 400 302 domi
426 261 605 303 cunetas
636 269 788 302 tecum
814 256 1033 321 reputabo
1053 255 1241 315 relidas,

220 340 344 399 Qas
369 340 560 385 ostentet
581 339 740 396 Arabs,
766 337 890 396 Afer,
916 343 959 385 &
986 340 1139 396 Indus,
1164 357 1284 404 opes.

150 421 475 485 Qodcunque
502 421 752 486 egregium,
778 422 1040 486 pulchrum,
1065 422 1130 468 vel
1150 421 1283 469 dulce
1309 423 1486 481 videbo,

218 507 436 551 Occurret
460 505 695 568 quiddam,
720 505 846 569 quod
872 504 1148 564 memorabo,
1179 505 1258 553 tui.

831 596 938 640 VII.

146 676 265 730 Nee,
291 693 391 722 mea
414 676 509 734 lux,
534 676 685 722 doleas
705 695 718 734 ;
759 678 910 741 patriae
932 675 965 724 fi
990 678 1119 725 causa
1141 681 1351 743 requirat,

217 765 282 808 Ut
307 763 471 830 procul,
493 763 705 828 amplexu
734 764 887 827 poscar
911 765 967 811 ad
993 782 1115 811 arma
1140 778 1252 823 tu03

148 846 244 907 Qii
270 846 367 904 tibi,
393 831 614 893 bellorum
641 846 721 910 qui
741 847 933 893 fulmine
956 861 1080 894 tutus
1106 848 1162 894 ab
1195 850 1338 906 anmi,

217 926 319 974 Post
345 927 520 992 aliquot
551 927 720 975 menses
748 928 1044 976 restituendus
1070 948 1159 977 ero.

147 1011 221 1055 Ne
240 1009 391 1055 dulces
413 1009 511 1055 istos
539 1008 770 1055 contristet
796 1007 928 1055 fletus
950 1010 1134 1067 ocellos,

214 1093 341 1141 Mille
361 1094 604 1140 avertendo
629 1093 731 1150 tela,
775 1093 947 1140 cavebit
974 1097 1138 1141 Amor.

828 1182 960 1228 VIII.

144 1264 319 1310 Solvere
343 1263 541 1310 naucleri
559 1261 687 1328 juffit
712 1265 817 1310 Vox
854 1263 994 1311 ferrea
1021 1282 1198 1322 navem,

215 1348 330 1395 Vela
351 1348 648 1395 tumescentes
667 1348 922 1413 explicuere
942 1347 1061 1395 finus
1082 1369 1092 1395 :

145 1430 278 1478 Dixit
302 1443 505 1496 uterque,
531 1431 676 1489 Vale3
718 1436 760 1478 ὅς
786 1430 992 1495 lacrymis
1018 1429 1152 1478 simul
1176 1429 1326 1477 oscula
1351 1430 1554 1490 miscens,

213 1515 409 1562 Addidit
434 1515 526 1562 haec
549 1515 764 1581 gemitus,
792 1515 864 1562 ille
890 1514 1053 1562 recline
1080 1526 1232 1579 caput.
1540 1500 1545 1508 .

145 1598 292 1644 Invita
316 1602 358 1645 &
385 1598 507 1646 tarde
523 1600 580 1646 ad
605 1612 768 1647 terram
790 1599 987 1646 Susanna
1011 1598 1192 1653 recedit,

216 1684 273 1727 Et
297 1682 428 1728 nive&t
454 1682 629 1746 repetit,
650 1683 778 1740 Vive,
806 1682 1014 1746 valeque,
1041 1699 1195 1728 manu.

824 2396 878 2442 N
1347 2399 1619 2448 TUEDA.
