2070 2839
797 211 1132 251 CAMERA
1209 205 1603 242 OBSCURA.

505 331 589 376 Hic
615 331 747 375 etiam
772 339 962 379 motum,
989 339 1126 386 quem
1144 337 1234 366 non
1259 315 1320 363 est
1340 315 1466 362 ausus
1492 312 1675 380 Apelles

435 412 605 466 Moliri,
633 410 798 476 pietum
825 403 1017 470 aspicias.
1098 403 1159 446 Ut
1182 396 1385 463 gramina
1417 393 1565 442 flabris

431 497 612 537 Summa
639 499 850 542 tremunt,
880 485 1144 546 undantque
1169 481 1256 527 levi
1289 477 1538 526 sinuamine
1570 473 1761 521 fluetus!

428 571 611 620 Mimica
634 586 752 615 nunc
777 567 1016 613 hominum
1042 561 1228 628 effigies,
1263 577 1386 607 nunc
1406 558 1560 605 charta
1585 556 1778 602 ferarum

430 655 652 703 Mentitur
677 650 939 699 simulachra
965 648 1109 696 modis
1133 645 1368 693 volitantia
1393 641 1532 691 miris.

427 738 643 783 Certatim
666 746 905 799 properant
929 745 1084 780 tenues
1107 728 1312 776 arcessere
1329 729 1460 783 vitas,

424 822 659 886 Progenies
691 818 907 865 hodierna
924 837 938 874 ;
978 821 1020 864 ἃ
1045 814 1239 881 plurima
1264 812 1397 876 spirat
1428 811 1597 873 imago,

422 905 700 968 Miraturque
722 920 855 949 novas
885 902 1064 957 formas,
1093 903 1135 947 &
1160 915 1254 945 non
1282 896 1356 943 sua
1390 891 1608 940 membra.

491 992 685 1056 Jamque
710 986 925 1051 equitem,
946 983 1119 1048 siquem
1142 983 1231 1029 fors
1257 979 1347 1028 huc
1372 974 1614 1032 advexerit,
1641 972 1763 1021 ultro

424 1073 614 1137 Arripis,
641 1071 777 1134 inque
811 1083 935 1116 tuam
963 1069 1084 1132 cogis
1108 1066 1298 1130 migrare
1325 1063 1571 1116 tabernam,

423 1157 523 1201 Nec
543 1166 693 1199 tamen
716 1150 929 1216 impedias
949 1149 1044 1206 iter,
1076 1161 1152 1194 aut
1171 1147 1225 1194 fis
1262 1144 1388 1193 causa
1412 1142 1632 1191 morandi.

493 1233 585 1280 Hic
610 1232 761 1279 avidos
787 1230 951 1295 paviffe
984 1229 1157 1282 oculos,
1183 1227 1390 1291 salvoque
1424 1224 1597 1289 pudore

425 1320 478 1363 In
502 1330 635 1382 caput
656 1315 880 1362 excussam
915 1312 979 1359 fas
1003 1314 1065 1359 est
1092 1310 1249 1358 vidisse
1271 1308 1484 1374 puellam.

423 1406 486 1450 Ut
510 1402 691 1468 graciles
716 1413 835 1447 artus
854 1397 1120 1446 tenuantur!
1160 1409 1210 1443 ut
1245 1395 1440 1442 ambitus
1464 1393 1565 1440 imae

422 1487 565 1535 Vestis
585 1489 630 1534 in
648 1488 864 1551 exiguum
890 1486 1072 1532 tandem
1096 1481 1383 1531 concluditur
1407 1481 1583 1539 orbem,

423 1573 569 1626 Quam
586 1582 736 1616 tamen
761 1568 805 1615 in
841 1579 1047 1632 quartam
1070 1566 1206 1612 sartor
1230 1576 1484 1630 porrexerat
1506 1563 1663 1611 ulnam
1682 1562 1693 1610 !

422 1653 592 1699 Scilicet
616 1651 703 1698 hoc
734 1651 870 1698 etiam
894 1652 955 1697 est
980 1648 1132 1697 similis
1156 1651 1328 1715 pictura
1351 1647 1525 1714 puellae,

423 1732 557 1788 Quod
580 1731 699 1795 tangi
724 1744 927 1778 metuens
951 1729 1232 1797 prensantem
1266 1728 1434 1776 lubrica
1458 1727 1664 1774 dextram

425 1815 627 1861 Exultim
652 1815 784 1880 fugit,
815 1813 1081 1878 elusumque
1110 1813 1323 1878 relinquit
1357 1824 1601 1859 amantem.

495 1898 598 1962 Jam
624 1894 722 1944 satis
749 1897 839 1944 est:
879 1900 1050 1944 tastum
1074 1895 1259 1943 tandem
1284 1890 1363 1941 lux
1385 1893 1525 1940 >intret
1549 1906 1750 1959 apertum
1772 1912 1786 1940 ε

427 1974 569 2020 Prisca
594 1975 706 2022 redit
730 1974 894 2022 chartae
918 1975 1095 2033 albedo,
1123 1973 1402 2039 fluxumque
1418 1972 1614 2020 nitorem

431 2056 580 2112 Exuit,
605 2062 646 2105 ὅς
680 2060 846 2106 lautam
871 2059 995 2107 tanta
1025 2058 1243 2126 farragine
1266 2076 1516 2124 pompam3

431 2134 670 2198 Gloriaque
690 2137 734 2183 in
761 2152 914 2186 tenues
940 2139 1103 2206 dilapsa
1127 2139 1356 2187 resolvitur
1376 2156 1520 2187 auras·

432 2219 582 2282 Usque
607 2220 717 2266 adeo
750 2240 855 2285 quae
881 2224 957 2271 lux
990 2225 1178 2272 illustrat
1210 2238 1377 2282 caetera,
1402 2225 1600 2272 nostram

432 2304 648 2352 Obscurat
674 2306 864 2366 scenam,
889 2314 931 2356 &
952 2311 1094 2358 nimio
1118 2311 1170 2359 fit
1195 2311 1365 2359 inutilis
1402 2310 1497 2359 usn.
1821 2366 1826 2369 ,

1822 2391 1893 2439 Sic
