2070 2839
403 172 465 202 208
630 163 809 200 DEUS
863 162 985 198 EST
1036 158 1603 196 COGNOSCIBILIS

401 259 619 323 Indagare
646 260 813 313 Deum,
846 272 1006 318 campo
1023 252 1119 318 jam
1144 251 1242 298 laeta
1263 262 1459 316 patente,

401 343 592 389 Sidereas
619 340 774 386 mirata
804 338 977 392 domos,
1003 348 1080 382 aut
1105 334 1265 382 caerula
1289 352 1457 400 regna;

403 428 507 491 Jam
534 424 674 468 varios
701 419 896 482 sequitur
928 414 1087 472 flexus,
1127 413 1389 481 sinuosaque
1413 413 1599 464 claustra

405 507 652 553 Recludens
677 505 878 558 Naturae,
905 501 1092 548 invento
1115 500 1322 548 Numine
1357 500 1541 567 gaudet.

472 589 595 633 Nam
615 581 648 629 fi
680 599 769 628 non
793 581 890 628 aliis
915 580 999 628 sese
1034 580 1214 629 vinxere
1236 582 1406 629 catenis

404 667 712 716 Fundamenta
731 662 867 721 orbiS,
894 661 928 710 fi
958 663 1081 710 nulla
1105 664 1203 729 lege
1227 676 1454 722 tenentur,

403 753 497 796 Cur
521 766 610 795 non
634 748 853 801 materies,
884 746 1039 794 veteris
1077 746 1156 793 vix
1180 748 1428 795 immemor
1460 748 1550 807 irae,

402 833 566 881 Rursus
593 831 707 878 bella
729 833 834 889 ciet,
859 843 1163 896 renovataque
1193 831 1344 897 praelia
1367 831 1538 890 miscet,

401 916 692 981 Disruptique
723 915 811 962 ruit
836 915 976 964 moles
997 920 1041 963 &
1073 915 1283 965 machina
1309 916 1509 964 mundi?

402 1003 512 1056 Quae
531 998 729 1063 suspensa
752 1011 876 1045 tenet
904 998 1081 1064 liquido
1104 998 1167 1046 vis
1193 1017 1383 1065 corpora
1413 998 1562 1047 coelo?

402 1084 533 1132 Unde
558 1085 634 1142 est,
661 1083 785 1149 quod
808 1102 969 1149 pacem
999 1087 1211 1132 Saturnus
1245 1103 1352 1133 curn
1383 1088 1498 1152 Jove
1520 1084 1657 1132 servet

404 1172 700 1235 Perpetuam3
743 1188 893 1235 neque
919 1169 1036 1216 bella
1055 1182 1178 1234 paret
1200 1171 1322 1216 Mars
1351 1168 1619 1234 proximus?
1656 1168 1777 1215 unde

405 1254 649 1302 Limitibus
672 1252 776 1301 fixis
799 1266 1010 1301 contenta
1035 1254 1227 1300 Venus?
1265 1271 1413 1318 neque
1437 1265 1600 1299 terram

405 1341 654 1389 Mercurius
689 1338 841 1404 rapide
867 1337 948 1385 fibi
980 1337 1144 1385 furtivo
1161 1337 1355 1385 attrahat
1374 1338 1479 1385 orbe
1497 1339 1515 1384 ?

406 1426 538 1473 Unde
570 1423 638 1483 fit,
662 1437 715 1470 ut
741 1422 873 1470 tristis
912 1425 1082 1470 vastum
1104 1441 1182 1489 per
1209 1423 1340 1470 inane
1372 1437 1549 1471 cometa

408 1508 612 1556 Versetur
630 1507 787 1572 rapido
813 1525 919 1554 cum
953 1506 1147 1563 turbine,
1176 1524 1258 1554 nec
1284 1519 1436 1553 tamen
1462 1505 1580 1553 ultra

410 1591 608 1655 Ellipfim
634 1589 823 1655 positam
853 1589 1000 1636 valeat
1030 1588 1255 1653 certasque
1288 1590 1439 1654 vagari

411 1679 583 1732 Metas3
623 1675 734 1739 quin
762 1673 924 1720 iterum
949 1673 1111 1732 redeat,
1137 1674 1358 1737 cursuque
1385 1678 1565 1738 perac'to

412 1758 502 1801 Ter
527 1769 710 1803 centum
731 1773 967 1814 annorum,
995 1756 1119 1802 terris
1145 1754 1279 1803 ferale
1317 1755 1552 1802 rubentem

415 1840 612 1884 Ostentet
639 1841 823 1896 crinem,
857 1841 900 1884 &
936 1838 1080 1885 caud&
1108 1850 1348 1904 perterreat
1377 1838 1566 1885 orbem?

418 1924 502 1967 His
529 1922 667 1986 super,
695 1920 861 1969 infixus
882 1922 1006 1980 solio,
1040 1923 1115 1970 Sol
1138 1922 1343 1970 vendicat
1368 1920 1513 1968 almus

422 2009 678 2069 Imperium,
704 2027 757 2055 ne
784 2009 1003 2056 discordes
1032 2008 1165 2056 sunul
1190 2010 1372 2057 orbibus
1395 2008 1520 2055 orbes

418 2087 726 2145 confundant,
752 2091 1000 2156 subitasque
1034 2092 1213 2140 trahant
1249 2092 1400 2138 secum
1426 2090 1529 2138 inde
1549 2090 1710 2138 ruinas.

422 2171 487 2213 At
513 2167 666 2213 frustra
689 2168 821 2232 longe
846 2172 1052 2219 distantia
1078 2191 1264 2238 corpora
1287 2172 1485 2219 Phoebus

424 2251 617 2315 Imperio
643 2266 874 2314 premeret,
903 2254 983 2301 nifi
1008 2257 1071 2303 vis
1103 2258 1296 2304 divinior
1331 2257 1417 2304 illis

424 2336 623 2392 Incub<t‚
651 2335 870 2383 immensa
895 2339 1051 2385 mundi
1078 2339 1119 2386 se
1151 2342 1270 2388 mole
1301 2341 1550 2388 remiscens.

1730 2408 1892 2453 Praete-
