2070 2839
504 127 656 164 MOLA
683 126 1010 174 JUVENTUTIS
1038 127 1458 166 RESTAURATRIX.

255 240 431 289 Clarius
466 240 721 298 inventum,
747 240 965 304 quoniam
997 240 1098 305 plus
1125 240 1307 288 exhibet
1340 241 1460 298 artis,

326 327 481 390 (Qod
500 345 608 374 mox
640 325 866 391 agnosces)
903 326 1186 392 prodigiique
1217 327 1384 374 minus.

250 410 439 458 Ponitur
465 411 511 458 in
542 410 710 475 campis
737 410 815 474 (ita
839 409 940 457 lufit
965 411 1155 458 amabile
1183 413 1342 476 pictor)

321 495 556 552 Machina,
587 495 653 540 bis
680 495 821 551 sen08‚
848 494 924 541 vix
950 494 1113 553 minsis,
1148 496 1237 543 alta
1260 496 1408 561 pedes.

252 579 364 624 Non
388 579 536 641 agitur
560 576 715 633 ventis,
743 594 835 623 non
866 575 928 623 est
960 578 1170 624 versatilis
1195 579 1350 636 undiS,

321 658 558 706 Versandae
581 658 666 705 toti
692 657 855 705 sufficit
880 677 998 706 unus
1023 658 1178 707 homo.

249 738 388 805 Pyxis
411 739 617 804 quadrati
647 757 703 786 ex
727 739 840 804 ligni
865 741 1150 804 compagine,
1180 740 1407 787 summum

319 822 486 872 Inverfi
511 825 614 870 coni
639 821 826 870 conficit
851 823 980 870 instar
1003 841 1131 888 opus.

250 914 361 959 Huc
384 928 470 976 ope
492 910 706 957 scalarum
731 908 986 967 ascendens,
1012 909 1066 955 de
1093 911 1292 973 margine
1316 908 1454 974 capsae

319 990 573 1057 Conjicitur
599 1007 809 1055 praecep5‚
843 1003 896 1036 ut
915 989 1187 1055 juvenescat,
1224 1008 1353 1037 anus.

251 1075 379 1122 Dum
401 1086 496 1120 rota
517 1072 725 1130 versatur,
750 1072 932 1133 (credat,
958 1072 1039 1136 qui
1069 1072 1304 1137 conspicit)
1342 1074 1435 1119 exit

318 1150 463 1217 Juxta
487 1151 739 1216 expectanti
766 1149 954 1216 pulchra
986 1150 1136 1214 puella
1159 1168 1312 1215 proco.

1669 143 1734 177 227

247 1233 461 1292 Pulchra,
488 1234 666 1292 decens,
693 1233 1089 1281 habilis—-vetulae
1117 1231 1213 1280 haec
1247 1232 1462 1281 miracula
1492 1243 1702 1289 cernunt,

318 1320 380 1364 Et
404 1335 592 1383 propere
616 1318 673 1365 ad
697 1318 848 1376 scalas,
873 1331 925 1365 ut
950 1330 1233 1375 renoventur,
1259 1330 1384 1366 eunt.

247 1400 355 1465 Jam
381 1416 473 1445 non
496 1398 543 1445 in
564 1398 739 1464 plateis,
767 1398 905 1463 longa
928 1398 1128 1444 confecta
1151 1396 1340 1454 senecta,

320 1483 428 1527 Hoc
457 1480 608 1526 vetula
631 1479 815 1527 exaudit
837 1479 972 1538 triste,
1012 1481 1254 1527 Memento
1289 1477 1420 1526 mori.

249 1564 431 1629 Siquam
461 1565 720 1630 pervulgata
752 1563 893 1613 fidem
921 1564 1095 1630 pictura
1134 1576 1348 1621 meretur,

319 1648 445 1695 Laeta
469 1649 613 1713 magis
638 1664 723 1695 vox
743 1649 806 1694 est
829 1647 921 1705 illa,
959 1649 1197 1695 Memento
1231 1646 1362 1695 Moli.

768 1825 904 1910 ἓ
897 1825 1002 1929 <252

833 1933 1002 2042 {Q

887 2043 1037 2121 Q

937 2124 970 2168 ’ἓ

1102 1837 1138 1863 le

995 1824 1116 1915 ⁵:5³5}

987 1907 1069 1997 {g

1019 1999 1051 2055 »ξε

906 2368 1070 2433 ng

1535 2366 1725 2412 COR..
