2070 2839
524 126 871 164 CAMERA
951 128 1345 167 OBSCURA.

292 223 397 285 Jam
423 220 541 277 verb,
568 220 658 286 qud
693 221 736 268 *vi
756 223 971 289 refringat
999 224 1160 270 vitreus
1195 225 1334 272 umbo

224 302 448 365 Exceptos
486 303 593 349 lucis
620 305 779 361 radios,
807 305 899 369 qua
926 306 1024 370 lege
1059 321 1270 371 vagantes

221 384 421 450 Coliigat
441 385 485 431 in
512 386 683 432 nodum
723 388 1005 452 complexus,
1032 394 1073 436 δε
1096 390 1184 436 ima
1211 390 1422 453 supremis

220 472 410 529 Verium
450 491 528 518 cur
553 486 674 518 amet
698 472 907 519 obtentas
940 477 1111 538 pictura
1131 476 1349 532 tenebras,

217 557 389 621 Judicis
410 557 557 620 arguti
595 575 742 620 quum
763 576 854 604 non
893 559 1106 605 formidet
1144 578 1352 616 acumen,

216 638 440 703 Expediat
475 637 904 704 physicus—neque
929 643 1051 687 enim
1076 641 1206 687 datur
1230 644 1384 687 omnia
1421 643 1523 689 scire

215 723 564 771 Vatibus--hoc
590 743 735 771 unum
761 724 857 773 satis
882 729 944 773 est
980 728 1259 793 cognoscere,
1287 728 1410 791 quud
1450 747 1541 775 non

214 808 459 866 Incassum,
485 809 718 873 velutique
744 808 841 874 ipsi,
867 823 1025 857 natura
1050 811 1235 857 laborat.

277 898 428 951 Quare
454 913 551 961 age,
577 913 677 960 quae
700 896 821 942 sensu
846 895 1011 944 fuerint
1037 896 1176 962 magis
1200 897 1348 954 obvia,
1383 917 1562 947 mecum

204 980 447 1046 Conspice,
483 999 564 1027 nec
590 980 738 1028 causas
766 999 914 1030 rerum
951 983 1142 1030 scrutare
1182 983 1387 1048 repbstas.

278 1066 394 1110 Ecce
421 1062 682 1129 superficies,
710 1082 849 1128 quam
882 1066 1114 1129 quondam
1140 1066 1330 1130 ingloria
1357 1069 1526 1116 nudam

206 1143 368 1192 vestiit
391 1145 568 1202 albedo,
596 1163 677 1191 ceu
713 1145 838 1191 mille
876 1146 1100 1193 coloribus
1127 1149 1208 1192 Iris

208 1226 404 1284 Imbuta,
431 1225 624 1273 ostentat
648 1225 756 1272 varii
779 1225 1033 1274 discrimina
1058 1226 1165 1284 fuci,

207 1309 544 1372 Luxuriemque
577 1325 756 1363 novam,
788 1306 1001 1371 lautoque
1027 1307 1225 1372 superbit
1245 1311 1427 1359 amistu.

203 1392 361 1439 Cernis
381 1405 431 1438 ut
458 1391 627 1457 incepit
652 1391 777 1439 nullo
796 1389 1029 1438 flavescere
1063 1391 1190 1439 cultu

201 1474 448 1539 Extemplb
482 1486 658 1520 matura
683 1472 833 1537 seges;
865 1472 963 1537 jam
988 1473 1117 1520 suave
1142 1475 1347 1522 rubentes

200 1561 320 1605 Area
358 1558 514 1622 sponte
548 1556 625 1604 sua
650 1555 801 1604 fundit
833 1556 914 1604 tibi
946 1557 1132 1604 Daedala
1155 1556 1303 1606 flores.

199 1643 290 1690 Hic
314 1643 435 1690 mole
459 1641 624 1708 exigua
658 1656 813 1699 turreS,
843 1641 1135 1706 simulataque
1172 1645 1348 1709 magnis

195 1732 339 1776 Te6³ca
363 1727 549 1794 angusta
574 1727 722 1774 vides:
764 1726 837 1774 sed
861 1745 1005 1792 prono
1038 1727 1200 1774 vertice
1226 1729 1355 1775 turris

193 1810 398 1876 Desuper
421 1809 688 1874 impendens
712 1820 858 1865 nutat,
881 1807 1166 1874 summusque
1191 1810 1396 1858 deorsum

193 1894 352 1958 Vergit
375 1910 517 1958 apex:
559 1891 723 1938 coelum
747 1890 938 1937 subsedit
957 1891 1013 1937 ad
1034 1890 1123 1937 ima
1154 1891 1340 1950 tabellae,

191 1976 376 2020 Summa
399 1987 552 2038 petens
576 1970 752 2019 emerfit
785 1971 978 2018 humus:
1018 1969 1077 2018 fic
1113 1970 1298 2021 rusticus
1327 1972 1438 2022 olim

190 2053 393 2101 Credidit
417 2054 686 2119 antipodum
710 2053 874 2100 sursum
897 2053 1078 2120 vestigia
1097 2055 1193 2112 niti,

188 2138 498 2205 Impofitoque
530 2140 694 2187 haerere
717 2139 839 2197 solo3
881 2139 1062 2186 miratus
1079 2139 1275 2197 abunde,

186 2219 322 2277 Qubd
345 2239 438 2269 non
466 2221 682 2288 praecipiti
719 2220 842 2286 lapsu
874 2233 996 2285 petat:
1019 2221 1154 2268 ardua
1178 2221 1279 2268 coeli

183 2303 385 2350 Pendula
409 2304 539 2352 turba
565 2322 710 2361 ruens,
736 2303 1016 2370 subjectaque
1037 2304 1188 2369 sydera
1219 2302 1376 2369 pulset.

841 2389 892 2434 M
920 2404 965 2433 m

1565 2389 1653 2436 Hic
