2070 2839
385 125 1204 166 ITERPERTAMISIN.
1538 140 1601 174 173

119 241 318 289 Occursu
347 241 473 288 viridi
499 239 660 288 nimios
686 237 922 286 defendere
951 236 1057 284 soles

118 324 227 372 Rite
249 336 402 389 queat,
422 324 601 389 junctas
628 324 758 369 ramis
784 320 1049 368 sociantibus
1076 321 1269 370 umbraS.

116 410 228 454 Haec
254 408 374 454 sedes
401 407 511 453 olim
538 406 652 452 saevis
680 405 795 452 male
832 417 938 452 nota
961 403 1151 452 duellis:

115 494 217 538 Nec
243 503 389 537 tantas
409 489 544 537 nbstis
581 488 743 536 diffuso
770 488 983 552 sanguine
1015 489 1153 535 caedes

114 576 227 630 Vos,
255 574 419 638 campi,
447 574 610 619 domus
642 573 705 619 est
741 570 833 637 qua
854 573 1140 629 Montacuta,
1168 585 1387 637 patentes,

114 657 260 704 Laesus
287 656 432 704 honor
450 656 668 720 siquando
694 657 883 704 fremens
909 655 1151 720 opprobria
1185 655 1298 704 ferre

113 740 310 796 Nesciat,
334 754 411 785 aut
436 738 587 786 furiosi
610 739 751 786 animi
774 738 1065 803 implacabilis
1089 739 1232 786 ardor.

113 820 361 867 Confestim
398 820 566 867 ultricis
601 821 750 886 poscat
776 819 1019 866 certamina
1042 838 1207 885 pugnae

114 906 377 971 Impatiens,
402 905 636 970 solumque
655 905 763 951 velit
788 903 869 950 fibi
893 903 1058 949 damna
1083 904 1267 968 rependi

112 991 273 1038 lWartis
297 992 353 1037 ad
386 990 644 1037 arbitrium:
686 989 758 1035 sed
782 1006 863 1035 nec
889 987 1171 1052 pugnacibus
1209 1001 1320 1052 aptae

112 1076 199 1119 Hae
224 1084 418 1128 tantum,
443 1084 521 1117 aut
545 1069 656 1116 lethi
683 1068 780 1115 solis
807 1067 1064 1114 horroribus
1090 1068 1260 1114 umbrae

111 1154 344 1219 Insignes;
376 1153 546 1217 epulas,
567 1153 694 1217 queis
720 1150 820 1196 sunt
845 1149 1045 1196 convivia
1068 1167 1200 1207 curae,

110 1240 370 1285 Nocturnas
391 1235 482 1282 huc
505 1235 617 1300 saepe
642 1232 795 1281 ferunt
816 1252 829 1290 ;
870 1232 961 1280 huc
995 1231 1102 1297 saepe
1128 1251 1205 1297 per
1243 1233 1385 1279 undas

111 1320 292 1386 Delapfi
316 1321 524 1386 placidas,
559 1319 681 1366 venti
706 1317 812 1366 cum
838 1319 1021 1382 ponitur
1045 1316 1121 1373 ira,

109 1407 364 1454 Harmonia
388 1406 612 1453 oble&ant
632 1408 848 1459 Tamum,
873 1400 1182 1465 nymphasque
1208 1401 1427 1462 sequaces,

111 1491 308 1536 Advecti
334 1489 476 1535 tacitae
516 1505 594 1553 per
617 1484 793 1532 conscia
821 1484 993 1531 lumina
1020 1487 1172 1530 Lunae.

687 1816 861 1898 >aggia

1356 2368 1586 2413 FANA.
