2070 2839
886 246 948 290 ΙΙ.

196 324 275 371 Ad
298 321 471 370 declive
487 321 673 389 jugum,
697 325 972 392 placidoque
1001 331 1127 395 quod
1160 333 1371 383 imminet
1396 341 1536 397 amni,

263 409 372 474 Q&
390 409 528 468 mola,
548 408 642 474 que‘t
671 422 855 475 pratum
873 414 950 471 est,
975 411 1060 461 stet
1084 433 1186 463 mea
1212 436 1346 484 parva
1371 421 1531 470 domus
1554 445 1566 470 z

190 491 255 536 Ut
281 489 350 549 fit,
372 490 452 538 ubi
477 489 692 538 affideam
717 493 897 540 Lefflmri
925 495 1128 544 Auditor
1151 498 1355 559 alumne,

257 571 303 617 Si
320 571 470 629 sudus,
496 572 570 619 vel
602 571 636 619 fi
659 572 843 640 Jupiter
869 575 987 625 udus
1012 580 1108 627 erit.

186 664 339 725 AEquo
367 661 575 706 animum
594 658 787 724 imperio
812 664 896 708 διε.

873 746 959 792 ΙΙΙ.

183 828 291 895 Q&
315 832 496 876 Nemus
516 828 798 885 umbrosum,
836 833 879 876 &
909 829 1102 877 salientis
1133 850 1367 882 murmura
1384 838 1486 895 rivi,

247 917 355 963 Esto
384 917 432 961 in
459 913 715 979 conspe&U,
743 913 817 960 sed
840 914 999 979 procul
1031 916 1139 975 esto,
1173 936 1309 968 mare.

177 1001 388 1051 Planities
406 1000 557 1066 juxte,
579 999 672 1047 fine
704 999 816 1048 soff&
832 1014 912 1048 aut
943 1002 1059 1066 sepe,
1090 1004 1298 1069 mihique

239 1089 494 1135 Porrefitam
514 1088 557 1131 δε
585 1100 755 1130 manno
790 1083 865 1130 det
890 1084 1075 1149 spatiosa
1097 1086 1233 1136 viam.

172 1174 326 1235 AEquo
345 1168 553 1215 animum
582 1167 776 1232 imperio
801 1171 886 1213 &c.

213 1368 228 1387 κ
251 1371 275 1386 “
293 1367 333 1400 Et
348 1368 476 1409 paulurn
492 1367 582 1410 sylvae
604 1367 692 1407 super
707 1365 754 1397 his
769 1365 882 1397 foret.’'
1233 1369 1310 1402 Hor,

169 1430 192 1445 ¹‘
217 1425 260 1458 Et
276 1427 357 1458 tee‘co
372 1427 493 1458 vicinus
512 1426 597 1468 jugis
619 1435 707 1466 aquae
727 1424 831 1455 fons.’'
1119 1426 1216 1458 Idem.

168 1487 191 1502 “
215 1484 298 1516 Fons
315 1486 406 1516 etiam
423 1484 505 1515 Rivo
520 1483 590 1514 dare
610 1493 724 1514 nomen
746 1483 887 1520 idoneus,
905 1490 939 1513 ut
965 1493 1022 1515 nee

167 1548 190 1564 “
214 1545 369 1588 Frigidior
385 1545 558 1582 Thracam,
587 1555 687 1586 neque
713 1544 819 1585 purior
834 1544 948 1576 ambiat
969 1544 1127 1577 Hebrus.”
1274 1546 1369 1581 Idem.

165 1606 188 1621 “
213 1602 379 1635 Labuntur
399 1604 468 1634 aitis
486 1602 609 1634 interim
627 1603 700 1643 ripis
716 1613 826 1644 aquae3

163 1665 186 1680 “
211 1660 384 1702 Fontesque
400 1662 534 1703 lymphis
551 1661 729 1700 obstrepunt
749 1661 960 1698 manantibus,

164 1721 187 1737 “
212 1717 340 1749 Somnos
358 1719 440 1759 quod
458 1719 567 1748 invitet
583 1717 698 1747 leves.”
1051 1717 1148 1750 Idem.

162 1779 184 1794 ‘⁶
208 1776 309 1807 —Per
326 1786 457 1815 pronum
475 1774 626 1814 trepidans
644 1783 716 1803 cum
733 1782 889 1803 murmure
905 1772 1041 1804 rivum.’'
1219 1773 1316 1807 Idem.

160 1838 183 1858 =‘
207 1834 298 1866 Levis
314 1841 457 1873 crepante
474 1833 598 1875 lympha}
615 1831 712 1862 desilit
729 1832 836 1872 pede.’'
1143 1832 1241 1865 Idem,

686 1891 709 1907 ·‘
734 1889 827 1920 Unde
848 1890 991 1931 loquaces

158 1948 181 1965 “
207 1944 357 1987 Lympha:
382 1942 559 1974 defiliunt.’'
1085 1941 1183 1975 Idem.

199 2006 206 2024 ¹
232 2009 255 2024 “
273 2005 458 2046 Neptunum
477 2004 583 2044 procul
599 2003 616 2034 ἂ
632 2004 717 2035 terris
750 2004 879 2044 specstare
901 2005 1088 2037 furentem.”
1266 2004 1363 2037 Idem.

155 2067 178 2083 “
202 2062 517 2103 ——Jaafiantibus
538 2073 664 2103 aequora
688 2061 802 2099 ventis,

156 2124 179 2140 “
205 2120 230 2151 E
259 2120 350 2157 terrei,
368 2130 513 2161 magnum
531 2119 654 2149 alterius
672 2118 801 2158 specstare
817 2118 967 2157 laborem,

380 2179 454 2210 Tuix
470 2179 530 2210 fine
551 2186 633 2219 parte
651 2179 754 2219 pericli
768 2190 775 2210 z

150 2243 173 2257 “
198 2237 274 2269 Non
291 2238 363 2279 quia
380 2238 481 2269 vexari
498 2248 675 2278 quenquam
700 2237 891 2280 estjucunda
910 2238 1065 2279 voluptas,

148 2304 172 2320 ⁶⁵
197 2298 252 2330 Sed
270 2298 381 2340 quibus
408 2298 468 2339 ipse
484 2297 570 2331 malis
595 2307 708 2339 casem,
734 2297 806 2339 quia
821 2308 944 2334 cernere
960 2298 1050 2332 dulce
1066 2297 1142 2331 est.''
1320 2298 1417 2331 Lucr.

1318 2397 1398 2443 IV.
1424 2393 1635 2453 Flaccus⁷¹
