2070 2839
360 107 768 147 CANTICUM
812 105 1052 146 TRIUM
1098 107 1695 157 ISRAELITARUM.
1759 133 1782 166 5

288 216 402 270 Vos,
423 214 641 261 suaviores
668 211 936 262 Caelicolfirn
956 212 1099 272 chori,

286 299 430 364 Qeis
455 296 637 362 pledha,
663 315 794 344 voces
827 299 954 361 queis
974 297 1157 363 liquidae
1183 299 1357 361 sonant,

358 378 563 427 Laudate
591 380 716 442 (nam
741 377 925 425 laudare
950 380 1145 428 vestrum
1169 380 1247 442 est)

426 462 682 511 Harmoni&
707 464 882 528 potiore
914 482 1118 513 numen:

284 546 461 592 Docete
483 563 666 592 carmen
693 548 882 593 numine
912 547 1110 612 dignius,

283 626 460 674 Docete
493 644 706 684 carmen3
748 639 1025 693 perpetuum
1056 630 1145 676 Dei

354 706 552 774 Une'ique
577 710 814 758 nobiscum
835 712 1034 761 favorem

418 795 644 859 Perpetuo
670 795 891 843 celebrate
926 796 1103 860 plausu.

283 936 397 990 Vos,
422 933 591 980 caerulae
616 933 767 990 undae,
797 951 898 998 quae
923 933 1054 999 super
1085 935 1215 982 ardui

35 1020 38 1053 ῐ
281 1019 498 1064 Convexa
527 1015 623 1063 caeli
648 1015 807 1063 nubila
832 1015 1008 1064 volvitis
1030 1036 1045 1074 ;

36 1114 39 1140 s
350 1103 443 1147 Vos
459 1100 560 1166 jam
584 1099 769 1167 Jehovae
808 1101 1018 1166 pariturae

418 1190 461 1237 Si
478 1188 640 1256 jubeat
668 1207 862 1238 recreare
883 1203 1077 1252 terram3

279 1285 437 1331 Parete
461 1281 590 1329 nobis
626 1284 771 1347 (aequa
795 1282 1082 1348 rogabimus)

279 1376 434 1423 Parete
466 1371 625 1421 nobis:
667 1384 942 1437 perpetuum
962 1373 1054 1421 Dei

347 1461 547 1529 Uneique
572 1463 809 1511 nobiscum
841 1463 1044 1512 favorem

420 1550 647 1613 Perpetuo
681 1545 903 1594 celebrate
921 1546 1096 1611 plausu.

34 1680 48 1762 ¹²}
277 1679 322 1724 Ο
348 1676 640 1741 Angelorum
665 1677 796 1723 turba
819 1674 1061 1740 seraphica,

35 1765 49 1840 1ss
275 1771 338 1817 Et
359 1764 656 1831 principatus,
693 1774 788 1808 tam
807 1761 916 1808 varii
940 1762 1048 1807 licet

36 1841 40 1956 1
344 1847 443 1895 Sint
461 1844 654 1903 ordines,
691 1860 852 1890 omnes
872 1842 1073 1890 eundem

38 1957 40 1996 Ι
415 1930 661 1981 concinite
686 1929 922 1996 egregium
952 1927 1202 1996 Jehovam:

274 2018 480 2069 Laudate
504 2017 707 2064 nostrum
731 2012 1005 2062 carminibus
1029 2024 1222 2079 patrem,

275 2101 484 2151 Laudate
507 2097 735 2146 vestrum:
778 2108 1051 2163 perpetuum
1085 2097 1175 2144 Dei

342 2176 542 2244 Unfique
573 2177 813 2227 nobiscum
843 2176 1044 2225 favorem

414 2262 642 2327 Perpetuo
665 2259 885 2308 celebrate
906 2257 1082 2326 plausu.

413 2360 447 2403 4
661 2355 670 2363 “
1608 2343 1653 2388 O
1672 2343 1756 2406 qui
