2070 2839
390 178 459 213 230
655 141 1591 193 CONSPICILLUM.

400 274 590 323 Lumina
616 270 684 316 cui
713 269 939 332 languent,
965 260 1116 308 multis
1142 257 1410 304 hebetantur
1443 256 1486 300 ὃς
1511 250 1657 308 annis,

473 361 676 417 Qrizrmor
697 367 744 398 ut
781 350 908 404 fiant,
936 345 1069 392 addat
1093 342 1147 389 ab
1173 354 1265 388 arte
1290 340 1399 387 duo.

407 443 498 504 Q1i
527 438 617 484 vult
643 448 838 499 argutus,
872 430 951 494 qui
976 427 1070 475 vult
1103 426 1308 473 oculatus
1336 423 1504 480 haberi,

480 526 530 568 In
554 519 694 583 capite
721 515 791 562 hic
825 512 975 560 oculos
1002 512 1154 576 gestet,
1181 512 1223 556 &
1256 509 1304 555 in
1328 506 1494 554 loculo.

608 961 662 1005 In
698 956 911 1004 Edictum
948 954 1089 1020 Regis
1144 957 1464 1002 GEORGII
1501 952 1693 1001 Secundi

802 1062 865 1100 De
886 1059 1112 1098 recudendis
1133 1058 1322 1098 Nummis
1348 1058 1503 1098 Aureis.

466 1180 592 1221 053⁹*ss
644 1180 843 1226 UREA
878 1175 1037 1242 Jacobi
1073 1176 1223 1223 vultus
1248 1188 1293 1222 et
1320 1175 1505 1223 nomina
1528 1175 1658 1240 geffit

428 1252 456 1322 :ir
514 1266 541 1294 Α
595 1247 636 1348 333:
673 1263 898 1317 Lamina3
938 1261 1009 1307 sed
1028 1261 1165 1325 longo
1181 1259 1280 1325 jam
1305 1273 1488 1307 tenuata
1512 1259 1598 1308 die.

459 1339 597 1390 ’Ἥιὸἑῗ
638 1348 811 1394 Scilicet
837 1346 980 1393 exesas
1007 1345 1168 1411 injuria
1202 1345 1418 1410 temporis
1443 1364 1541 1393 oras

499 1430 667 1479 Senfim
705 1429 903 1489 corrofit,
930 1429 1231 1495 diminuitque
1251 1429 1379 1478 latus.

435 1511 522 1557 Vix
546 1524 667 1576 patet
690 1511 797 1558 huic
823 1511 1063 1575 sceptrum,
1084 1509 1156 1557 vix
1180 1508 1285 1556 huic
1309 1510 1598 1576 distinguitur
1622 1510 1760 1568 orbis,

506 1591 769 1657 Inscriptum
792 1591 913 1638 haud
938 1590 1000 1637 illi
1021 1589 1187 1638 lemma
1208 1589 1358 1637 videre
1382 1590 1502 1639 licet.

443 1675 516 1720 Ne
536 1673 656 1720 valor
674 1685 719 1719 et
751 1672 928 1738 pondus
953 1672 1198 1719 decrescere
1223 1685 1424 1737 pergeret
1458 1672 1592 1732 ultrei,

515 1755 636 1802 Huic
661 1773 842 1820 quoque
866 1754 1074 1821 praecavit
1101 1756 1222 1820 regia
1252 1773 1359 1802 cura
1384 1755 1519 1804 malo.

451 1837 607 1884 Edfflzo
631 1839 782 1886 incudi
805 1839 963 1886 detrita
996 1839 1266 1898 numismata
1294 1838 1422 1886 reddi

523 1917 669 1983 Juffit,
693 1924 735 1966 ὃς
763 1918 958 1985 effigiem
983 1918 1093 1967 ferre
1125 1920 1274 1967 recusa
1297 1937 1478 1968 novam.

461 1998 558 2041 Nec
582 2008 729 2044 tamen
753 2000 896 2047 amitti
919 2000 1037 2048 dices
1060 2019 1165 2049 cum
1202 2002 1386 2049 nomine
1410 2000 1639 2062 formam3

531 2076 604 2119 Est
624 2088 667 2121 et
696 2078 845 2127 adhuc
874 2080 1043 2141 vultus,
1077 2084 1156 2147 qui
1190 2082 1380 2148 pretiosa
1411 2083 1530 2131 facit.

1110 2201 1257 2286 Q

1732 2378 1934 2426 PONS
