2070 2839
466 105 510 140 M
610 104 642 140 E
742 104 775 139 L
873 106 889 140 1
990 107 1014 141 S
1112 108 1135 144 S

170 216 563 265 Calumniantium
589 214 780 263 susurros
803 216 1079 282 improbans,

242 301 488 364 {erugini-22³2
517 316 669 346 notam
706 297 942 348 infamiam
958 320 974 359 ;

170 388 365 440 Memor,
396 385 537 430 {midi
568 384 762 429 rumoris
806 395 857 428 ut
880 384 1155 452 malignitas,

239 471 449 515 inimi-cat
477 468 606 514 urbes
629 470 673 512 δε
703 466 881 512 domos.

170 549 485 595 Famuhbitnr
521 544 691 594 castum
722 548 903 593 intuens
928 542 1159 603 modestia,

237 634 297 677 Et
322 630 451 677 tio-&a
477 631 604 677 cultu
641 629 871 677 urbanitas
886 648 900 686 3

167 715 227 759 Et
252 713 437 759 advenis:
462 714 646 776 prresens
672 712 799 759 domi
823 709 1118 776 hospitalitas,

237 800 414 859 Ape-ria
445 796 597 842 vultus
631 799 675 842 δι
708 813 913 842 manum.

166 877 254 925 His
281 897 388 925 cum
420 879 643 925 fiodalibus
682 878 857 925 Meliffa
892 880 1046 944 gratiis

236 963 445 1007 Ducetur
471 961 528 1006 ad
555 973 681 1006 tuam
709 961 934 1016 domum3

167 1045 346 1102 Fidelis,
374 1062 541 1110 aegrum
578 1044 800 1108 quicquid
827 1057 906 1091 aut
931 1043 1117 1091 laetabile
1141 1046 1218 1103 est,

235 1132 294 1174 Et
317 1145 418 1174 vera
443 1140 599 1173 tecum
618 1126 842 1191 particeps
860 1145 874 1183 3

166 1208 359 1255 Solando
383 1226 483 1272 quae
519 1225 730 1254 curarum
756 1224 908 1255 amara
932 1204 1087 1261 leniat,

232 1294 291 1339 Et
316 1291 591 1338 consulendo
618 1303 861 1355 temperet;

165 1376 377 1423 Fruendo
401 1393 502 1440 quae
527 1373 763 1422 felicitates
787 1382 965 1437 augeat,

233 1460 294 1503 Et
318 1475 418 1520 quze
452 1456 579 1502 novis
605 1456 742 1502 addat
766 1471 917 1500 novas.

165 1542 343 1602 Irrupta
367 1538 531 1602 copula
555 1536 673 1583 hisce
716 1533 1039 1589 continebitur,

232 1624 319 1667 His
345 1622 538 1668 vinculis
577 1619 848 1676 firmabitur,

164 1708 336 1755 Validis
361 1706 418 1753 ab
454 1707 582 1752 annis
601 1704 657 1751 ad
692 1704 930 1760 senectam,
958 1701 993 1749 fi
1022 1714 1110 1749 tuae

232 1795 406 1844 Meliffa
432 1794 486 1842 fit
506 1796 604 1841 vitae
627 1810 779 1840 comes
800 1810 816 1849 ;

166 1885 336 1945 Qam,
366 1883 536 1936 Marce,
569 1876 675 1924 cum
694 1877 887 1923 ducetur
911 1892 1041 1932 uxor,
1068 1872 1202 1938 elige,

234 1961 490 2026 Mensaeque
513 1957 767 2007 consortem
807 1960 849 2004 δε
868 1954 970 2003 tori.

1235 111 1282 145 A.

1584 120 1645 154 141

1334 2325 1636 2372 DEDICA«
