2070 2839
392 142 461 188 276
607 136 808 173 SONUS
844 127 1285 170 PROPAGATUR
1322 124 1439 162 PER
1466 123 1708 161 AEREM.

393 264 673 331 Jzuududum
699 259 840 307 emiffi
872 255 1086 305 Batavum
1122 251 1409 299 femoralibus
1452 248 1646 314 amplis3

391 349 624 396 Continuo
650 360 745 393 toro
788 344 932 407 fragor
955 339 1102 385 aridus
1129 337 1331 400 undique
1350 335 1465 383 coelo

392 429 601 483 Auditur,
629 422 914 489 strepitusque
939 424 981 465 ὃς
1005 419 1155 464 inania
1178 417 1299 464 sibila
1344 416 1513 464 miscet.

390 513 501 555 Mox
527 508 705 572 propius
742 518 911 561 tenues,
939 501 1128 566 necjam
1154 501 1352 557 confusa,
1378 517 1454 564 per
1478 517 1603 546 auras

391 586 571 635 Circum
600 585 726 631 verba
752 582 971 629 fremunt:
1012 579 1166 626 vicinae
1190 579 1356 644 syllaba
1383 577 1474 625 fida

391 672 430 714 It
456 685 602 713 comes
629 668 652 711 ci
678 679 836 728 terg03
877 681 959 709 nec
983 662 1174 725 longum
1202 674 1398 725 tempus,
1426 664 1469 709 &
1505 659 1596 725 ipse

389 748 595 797 clarescit
620 760 742 793 certo
765 759 897 793 notus
923 742 1176 790 discrimine
1213 742 1373 789 sermo.

453 834 550 878 Nec
575 848 678 877 vcro
703 829 869 876 cunc'tis
894 828 1014 874 idem
1037 826 1166 873 datur
1191 825 1336 872 exitus
1376 826 1575 884 umbris;

386 919 594 980 Namque
621 914 731 961 leves
757 913 990 960 verborum
1015 910 1191 968 animae,
1219 928 1318 974 quae
1354 909 1530 957 Gallica
1555 908 1674 957 fudit

385 1000 577 1062 Lingua,
603 996 758 1061 fugam
782 1009 1036 1061 properant,
1063 998 1105 1041 &
1133 993 1321 1059 fulguris
1348 1012 1487 1058 ocyor
1511 993 1589 1040 alis

386 1080 528 1127 Ardet
552 1079 668 1127 abire
693 1078 854 1126 cohors
880 1076 1015 1125 fimul
1038 1078 1205 1135 omnis»,
1229 1082 1271 1123 &
1307 1076 1490 1123 advolat
1520 1093 1666 1124 aures.

386 1170 451 1212 At
474 1164 640 1222 contrzi,
675 1163 878 1228 Hispano
901 1161 1163 1226 quicunque
1189 1161 1388 1207 caducus
1423 1159 1477 1205 ab
1514 1177 1589 1206 ore

383 1246 540 1293 Exibat
563 1245 742 1302 sonitus,
780 1242 908 1289 tardo
931 1242 1030 1288 ferit
1064 1258 1229 1305 organa
1254 1238 1402 1304 pulsu,

386 1338 442 1380 Et
473 1332 589 1379 lent&
609 1331 680 1379 vix
706 1333 779 1377 vix
804 1347 910 1376 cum
935 1327 1161 1393 majestate
1185 1338 1407 1374 movetur.

450 1416 614 1462 Navita
639 1413 670 1462 si
692 1426 868 1480 guttur,
895 1411 1104 1459 nondum
1125 1409 1284 1457 aethere
1307 1426 1465 1456 raucus
1496 1420 1666 1474 aperto,

385 1503 649 1548 Tartareum
674 1501 924 1557 intendens,
952 1497 1138 1545 comites
1163 1496 1356 1543 clamore
1381 1495 1541 1553 ciebat,

385 1583 595 1647 Agnoscit
619 1584 828 1631 reducem
861 1582 1000 1646 longo
1023 1581 1120 1645 post
1153 1593 1352 1643 tempore
1378 1576 1554 1634 fletum,

388 1669 661 1734 Miraturque
685 1668 817 1716 simul
851 1666 1029 1732 questus
1053 1666 1281 1730 sociosque
1305 1677 1518 1729 receptos.

388 1753 514 1798 Forte
550 1768 690 1797 novus
715 1749 877 1805 turbat,
910 1747 1058 1795 media
1081 1748 1194 1793 inter
1222 1745 1401 1811 gaudia,
1436 1744 1615 1810 pulsans

391 1834 534 1880 Corda
554 1850 716 1896 pavor3
758 1832 902 1877 saevire
933 1828 1036 1886 urfi,
1064 1828 1296 1892 rabidique
1329 1826 1534 1873 videntur

393 1913 574 1961 Circum
599 1914 762 1960 ululare
797 1913 923 1979 lupi3
963 1929 1172 1976 quorum,
1198 1911 1310 1957 dum
1337 1912 1503 1956 Bruma
1526 1905 1751 1961 manebat,

393 1997 512 2040 Cum
537 1995 704 2057 gemitu
731 1995 880 2059 fugere
902 1996 1076 2051 animae,
1103 1993 1379 2056 dubiamque
1403 1989 1615 2055 superstes

393 2074 608 2120 Soilicitat
642 2076 838 2122 fremitus
863 2089 1078 2132 mentem,
1104 2078 1147 2121 ὃς
1178 2091 1266 2121 vox
1292 2071 1532 2139 posthuma
1556 2079 1702 2116 terret.

466 2155 601 2200 Haud
626 2156 831 2217 equidem
855 2159 987 2204 credo
1011 2155 1152 2222 spret&
1186 2154 1397 2202 decedere
1421 2156 1576 2218 Cypro

399 2235 633 2299 Idaliaeque
648 2235 770 2299 jugis
794 2240 1029 2295 Venerem,
1054 2236 1291 2301 gelidfique
1315 2236 1393 2284 sub
1423 2238 1544 2282 arcio

1679 2309 1854 2362 Instau-
