2070 2839
453 120 522 156 206
624 107 1033 152 MANUALE
1085 93 1816 140 TYPOGRAPH1A‚&c.

457 228 606 277 Millia
630 226 846 273 librorum
871 228 1074 268 numerat
1095 212 1335 279 perplura;
1387 225 1469 255 nec
1494 206 1642 254 ullum
1687 204 1689 206 ’

526 309 689 360 Bodlaei
715 308 821 354 huic
838 305 976 370 jactat
996 296 1282 347 Bibliotheca
1305 311 1479 360 parem.

458 397 603 445 Millia
639 392 834 439 Caesareo
862 395 1066 434 numerat
1084 397 1272 445 quoque
1309 394 1498 425 munere
1532 379 1724 433 Granta,

529 480 640 524 Haec
666 486 812 519 tamen
836 469 898 514 est
922 466 1036 513 inter
1061 462 1206 511 millia
1237 461 1323 508 tale
1363 458 1491 508 nihil.

460 560 571 604 Non
597 556 672 610 est,
698 569 789 598 non
806 549 895 597 istis
921 546 1106 594 Author
1129 545 1184 591 de
1210 543 1410 591 millibus
1435 559 1569 598 unus,

529 640 616 686 Cui
641 617 764 683 tanta
788 633 959 699 ingenii
983 632 1066 689 vis,
1086 629 1155 677 vel
1183 644 1376 675 acumen
1409 624 1533 672 inest.

587 1014 833 1078 Existentia
871 1030 1063 1075 Entium
1087 1027 1458 1089 incorporeorum
1483 1021 1636 1086 colligi
1661 1020 1808 1085 potest

1012 1113 1206 1158 Lumine
1233 1114 1431 1156 Naturae.

467 1245 640 1327 ξξῶἦέξ
652 1247 760 1291 ΜΝ
772 1245 848 1289 ΙΑ
888 1239 1067 1287 mortali
1095 1239 1278 1285 demens
1306 1236 1516 1302 sapientia
1541 1235 1682 1282 credit

468 1311 642 1414 32:42<ss
679 1327 853 1373 Semine
876 1335 1099 1380 concreta,
1125 1327 1167 1369 ὅτ,
1208 1339 1332 1368 coeco
1352 1321 1521 1386 jactata
1546 1318 1747 1367 tumultu

469 1402 690 1483 i3iii3'cipia
716 1417 969 1463 innumeras
990 1431 1141 1460 rerum
1165 1412 1407 1477 procudere
1431 1411 1596 1458 formas
1616 1431 1628 1458 :

470 1501 592 1545 Hinc
617 1497 813 1544 animam
833 1494 967 1559 fingit
992 1493 1271 1541 nascentibus
1292 1492 1561 1540 insinuatam

470 1583 714 1644 Corporeas
739 1578 908 1625 servare
932 1576 1070 1632 vices,
1096 1574 1279 1639 une'tque
1308 1578 1458 1640 vigere

466 1662 590 1706 Cum
608 1658 833 1715 membris,
861 1654 949 1703 unz}
982 1656 1270 1719 languentem
1295 1654 1400 1701 flere
1437 1657 1653 1721 vigorem,

473 1746 626 1807 Atque
651 1741 786 1788 brevis
810 1739 972 1806 pariter
993 1739 1185 1805 spatium
1209 1739 1440 1787 decurrere
1472 1740 1588 1798 vitae‚

475 1827 535 1870 Et
552 1822 681 1869 simul
701 1825 746 1869 in
770 1822 936 1868 cineres
969 1823 1265 1886 primaevaque
1291 1822 1458 1868 semina
1482 1822 1601 1869 solvi.

545 1903 642 1948 Hos
668 1902 812 1959 ludos,
839 1900 1047 1965 Epicure,
1071 1915 1205 1965 atque
1229 1900 1323 1947 haec
1342 1900 1564 1947 insomnia
1587 1899 1706 1947 ridet

480 1984 701 2028 inventrix
729 1984 818 2029 veri
845 1983 973 2039 ratio,
1009 1982 1212 2046 sedesque
1247 1983 1417 2029 futuras

478 2064 714 2118 Monstrat,
742 2075 1091 2127 perpetuamque
1115 2063 1276 2110 animae
1298 2066 1395 2129 post
1419 2064 1576 2111 funera
1597 2066 1750 2111 vitam.

546 2145 668 2189 Nam
695 2143 726 2189 fi
751 2162 968 2208 corporeae
986 2159 1172 2209 pereunt
1197 2165 1304 2193 cum
1345 2165 1530 2212 corpore
1553 2161 1740 2206 mentes,

474 2229 608 2276 <Unde
634 2231 706 2286 est,
733 2230 857 2293 quod
881 2247 1002 2276 coeco
1026 2230 1203 2278 resoluti
1228 2250 1401 2280 carcere
1437 2251 1589 2280 manes

1785 2316 1942 2362 Aerias
