2070 2839
535 143 550 179 1
602 144 638 179 N
743 144 784 180 M
837 144 850 179 1
901 144 934 178 L
990 145 1022 179 Τ
1074 145 1107 181 O
1159 148 1194 182 N
1248 150 1284 183 U
1339 151 1391 186 M.

241 251 356 300 Tale
382 264 513 301 tuum
539 271 720 302 carmen
748 255 893 304 nobis.
970 259 1097 322 Qin
1122 259 1312 323 pulchra
1338 265 1528 316 recludi,-

238 337 497 384 Hortorum
522 338 676 403 spatia,
697 339 960 405 irriguisquc
986 342 1188 407 ingentia
1212 348 1382 412 campis

240 418 453 467 Flumina
477 420 774 479 concelebras,
801 422 1003 486 primaevi
1030 426 1194 487 Regna
1216 428 1436 490 parentis:

237 506 303 548 At
327 501 474 549 dulcis
499 502 668 568 conjux
694 503 806 550 secla
830 505 948 551 inter
974 504 1126 552 lucida
1151 505 1321 557 florum

235 582 456 630 Mollibus
482 584 690 649 invigilat
714 585 851 643 curis,
876 585 957 632 ubi
976 587 1096 634 dives
1119 602 1280 653 opacat

236 669 412 716 Umbra
436 683 571 728 toros,
610 671 877 736 myrtusque
920 674 1045 730 viret,
1088 673 1311 739 dubiique
1335 677 1514 727 rubores

234 756 497 803 Nascuntur
520 756 667 815 violis,
692 771 737 804 et
761 757 801 804 se
826 776 983 805 crocus
1007 758 1158 810 induit
1182 778 1307 810 auro.

235 840 340 887 Post
365 854 535 897 autem,
560 854 696 905 rupto
727 839 852 887 fatali
879 841 1060 899 foedere,
1089 842 1221 889 tristis

232 921 369 968 Exilii
395 940 548 987 poenas
576 922 812 968 subeuntes
836 941 936 968 rura
959 936 1196 988 peragrant

233 1005 336 1052 Sola
360 1004 493 1052 fimul
519 1005 696 1070 trepido
720 1003 880 1070 greffu,
925 1005 1220 1070 ambiguique
1249 992 1436 1057 viarum.

234 1091 419 1138 Limina
445 1089 713 1154 dilectasque
736 1088 899 1135 domos
925 1088 1078 1136 feralia
1102 1088 1301 1141 flammis

229 1175 346 1224 Tela
366 1175 512 1223 nitent
536 1173 708 1220 circum
733 1184 777 1219 et
799 1172 914 1220 saevae
947 1172 1200 1220 formidinis
1220 1191 1325 1222 ora:

231 1261 354 1306 Tam
380 1258 501 1305 facili
527 1256 670 1323 polles
705 1254 885 1303 citharae
916 1257 1245 1313 moderamine,
1271 1271 1402 1308 tanto

230 1344 439 1391 Numine
464 1342 720 1398 verborum,
751 1340 1065 1405 variarumque
1101 1341 1236 1388 ubere
1270 1360 1415 1392 rerum

231 1427 449 1493 Ingenio:
490 1445 596 1491 ergo
616 1428 791 1473 animos
815 1425 1024 1489 quaedam
1050 1424 1200 1472 divina
1225 1425 1435 1492 voluptas

231 1512 443 1578 percipit,
469 1525 547 1559 aut
571 1511 766 1576 trepidos
790 1510 934 1557 sensus
958 1509 1207 1575 perlabitur
1231 1510 1389 1559 horror

229 1602 440 1657 Intimus‚
463 1613 541 1646 aut
574 1617 677 1645 vero
698 1597 886 1664 perculfi
910 1603 1091 1664 pastoral
1127 1599 1248 1646 lucra

226 1681 453 1730 Solvimur
478 1682 523 1729 in
545 1681 764 1746 lacrymas
789 1694 960 1737 tecum,
987 1694 1032 1726 et
1058 1680 1375 1728 miserescimus
1410 1679 1544 1728 ultro.

296 1765 440 1822 Salve,
467 1764 611 1811 saneta
643 1762 759 1809 mihi
784 1762 921 1819 sedes,
949 1775 1106 1826 tuque,
1140 1762 1271 1810 unice
1305 1775 1442 1819 vates,

226 1851 589 1911 Extrucrumque
627 1846 762 1892 decus
794 1843 976 1901 tumuli,
1002 1856 1046 1891 et
1084 1842 1321 1891 simulacra
1351 1844 1532 1892 verendi

227 1933 327 1998 Ipsa
347 1933 472 1988 senis,
499 1929 703 1994 laurique
740 1946 896 1986 comaef
920 1942 967 1974 et
991 1941 1040 1975 tu
1066 1927 1264 1975 muneris
1290 1927 1452 1975 author

223 2014 650 2081 Egregii.-Tanto
672 2010 896 2077 signatum
922 2011 1105 2058 nomine
1130 2029 1329 2059 marmor

226 2104 439 2148 Securum
465 2099 599 2147 decus
619 2112 667 2145 *et
693 2097 805 2146 seros
831 2095 907 2144 fibi
935 2096 1135 2145 vindicet
1164 2114 1322 2147 annos.

1410 2395 1702 2443 COLIN'S
